Ticker,Date,Current Ratio,Debt-to-Equity Ratio,Revenue,Net Income,Free Cash Flow,Risk Classification
AAPL,2012-03-31,1.3636044481554577,3.957039440456695,274515000000.0,57411000000.0,73365000000.0,High Risk
AAPL,2012-06-30,1.3636044481554577,3.957039440456695,274515000000.0,57411000000.0,73365000000.0,High Risk
AAPL,2012-09-30,1.3636044481554577,3.957039440456695,274515000000.0,57411000000.0,73365000000.0,High Risk
AAPL,2012-12-31,1.3636044481554577,3.957039440456695,274515000000.0,57411000000.0,73365000000.0,High Risk
AAPL,2013-03-31,1.3636044481554577,3.957039440456695,274515000000.0,57411000000.0,73365000000.0,High Risk
AAPL,2013-06-30,1.3636044481554577,3.957039440456695,274515000000.0,57411000000.0,73365000000.0,High Risk
AAPL,2013-09-30,1.3636044481554577,3.957039440456695,274515000000.0,57411000000.0,73365000000.0,High Risk
AAPL,2013-12-31,1.3636044481554577,3.957039440456695,274515000000.0,57411000000.0,73365000000.0,High Risk
AAPL,2014-03-31,1.3636044481554577,3.957039440456695,274515000000.0,57411000000.0,73365000000.0,High Risk
AAPL,2014-06-30,1.3636044481554577,3.957039440456695,274515000000.0,57411000000.0,73365000000.0,High Risk
AAPL,2014-09-30,1.3636044481554577,3.957039440456695,274515000000.0,57411000000.0,73365000000.0,High Risk
AAPL,2014-12-31,1.3636044481554577,3.957039440456695,274515000000.0,57411000000.0,73365000000.0,High Risk
AAPL,2015-03-31,1.3636044481554577,3.957039440456695,274515000000.0,57411000000.0,73365000000.0,High Risk
AAPL,2015-06-30,1.3636044481554577,3.957039440456695,274515000000.0,57411000000.0,73365000000.0,High Risk
AAPL,2015-09-30,1.3636044481554577,3.957039440456695,274515000000.0,57411000000.0,73365000000.0,High Risk
AAPL,2015-12-31,1.3636044481554577,3.957039440456695,274515000000.0,57411000000.0,73365000000.0,High Risk
AAPL,2016-03-31,1.3636044481554577,3.957039440456695,274515000000.0,57411000000.0,73365000000.0,High Risk
AAPL,2016-06-30,1.3636044481554577,3.957039440456695,274515000000.0,57411000000.0,73365000000.0,High Risk
AAPL,2016-09-30,1.3636044481554577,3.957039440456695,274515000000.0,57411000000.0,73365000000.0,High Risk
AAPL,2016-12-31,1.3636044481554577,3.957039440456695,274515000000.0,57411000000.0,73365000000.0,High Risk
AAPL,2017-03-31,1.3636044481554577,3.957039440456695,274515000000.0,57411000000.0,73365000000.0,High Risk
AAPL,2017-06-30,1.3636044481554577,3.957039440456695,274515000000.0,57411000000.0,73365000000.0,High Risk
AAPL,2017-09-30,1.3636044481554577,3.957039440456695,274515000000.0,57411000000.0,73365000000.0,High Risk
AAPL,2017-12-31,1.3636044481554577,3.957039440456695,274515000000.0,57411000000.0,73365000000.0,High Risk
AAPL,2018-03-31,1.3636044481554577,3.957039440456695,274515000000.0,57411000000.0,73365000000.0,High Risk
AAPL,2018-06-30,1.3636044481554577,3.957039440456695,274515000000.0,57411000000.0,73365000000.0,High Risk
AAPL,2018-09-30,1.3636044481554577,3.957039440456695,274515000000.0,57411000000.0,73365000000.0,High Risk
AAPL,2018-12-31,1.3636044481554577,3.957039440456695,274515000000.0,57411000000.0,73365000000.0,High Risk
AAPL,2019-03-31,1.3636044481554577,3.957039440456695,274515000000.0,57411000000.0,73365000000.0,High Risk
AAPL,2019-06-30,1.3636044481554577,3.957039440456695,274515000000.0,57411000000.0,73365000000.0,High Risk
AAPL,2019-09-30,1.3636044481554577,3.957039440456695,274515000000.0,57411000000.0,73365000000.0,High Risk
AAPL,2019-12-31,1.3636044481554577,3.957039440456695,274515000000.0,57411000000.0,73365000000.0,High Risk
AAPL,2020-03-31,1.3636044481554577,3.957039440456695,274515000000.0,57411000000.0,73365000000.0,High Risk
AAPL,2020-06-30,1.3636044481554577,3.957039440456695,274515000000.0,57411000000.0,73365000000.0,High Risk
AAPL,2020-09-30,1.3636044481554577,3.957039440456695,274515000000.0,57411000000.0,73365000000.0,High Risk
AAPL,2020-12-31,1.3636044481554577,3.957039440456695,274515000000.0,57411000000.0,73365000000.0,High Risk
AAPL,2021-03-31,1.3636044481554577,3.957039440456695,274515000000.0,57411000000.0,73365000000.0,High Risk
AAPL,2021-06-30,1.3636044481554577,3.957039440456695,274515000000.0,57411000000.0,73365000000.0,High Risk
AAPL,2021-09-30,1.3636044481554577,3.957039440456695,274515000000.0,57411000000.0,73365000000.0,High Risk
AAPL,2021-12-31,1.3636044481554577,3.957039440456695,274515000000.0,57411000000.0,73365000000.0,High Risk
AAPL,2022-03-31,1.3636044481554577,3.957039440456695,274515000000.0,57411000000.0,73365000000.0,High Risk
AAPL,2022-06-30,1.3636044481554577,3.957039440456695,274515000000.0,57411000000.0,73365000000.0,High Risk
AAPL,2022-09-30,1.3636044481554577,3.957039440456695,274515000000.0,57411000000.0,73365000000.0,High Risk
AAPL,2022-12-31,1.3636044481554577,3.957039440456695,274515000000.0,57411000000.0,73365000000.0,High Risk
MSFT,2012-03-31,2.0799936835218875,1.3507549933797223,168088000000.0,61271000000.0,485322340529.7211,Moderate Risk
MSFT,2012-06-30,2.0799936835218875,1.3507549933797223,168088000000.0,61271000000.0,90537026449.20709,Moderate Risk
MSFT,2012-09-30,2.0799936835218875,1.3507549933797223,168088000000.0,61271000000.0,265527255846.93674,Moderate Risk
MSFT,2012-12-31,2.0799936835218875,1.3507549933797223,168088000000.0,61271000000.0,143081641828.60056,Moderate Risk
MSFT,2013-03-31,2.0799936835218875,1.3507549933797223,168088000000.0,61271000000.0,313706372376.7448,Moderate Risk
MSFT,2013-06-30,2.0799936835218875,1.3507549933797223,168088000000.0,61271000000.0,399412945875.54254,Moderate Risk
MSFT,2013-09-30,2.0799936835218875,1.3507549933797223,168088000000.0,61271000000.0,199412381908.7988,Moderate Risk
MSFT,2013-12-31,2.0799936835218875,1.3507549933797223,168088000000.0,61271000000.0,144360397684.1737,Moderate Risk
MSFT,2014-03-31,2.0799936835218875,1.3507549933797223,168088000000.0,61271000000.0,96269922754.83925,Moderate Risk
MSFT,2014-06-30,2.0799936835218875,1.3507549933797223,168088000000.0,61271000000.0,136265330726.2189,Moderate Risk
MSFT,2014-09-30,2.0799936835218875,1.3507549933797223,168088000000.0,61271000000.0,144168015781.28998,Moderate Risk
MSFT,2014-12-31,2.0799936835218875,1.3507549933797223,168088000000.0,61271000000.0,255230816687.7147,Moderate Risk
MSFT,2015-03-31,2.0799936835218875,1.3507549933797223,168088000000.0,61271000000.0,126439069787.35133,Moderate Risk
MSFT,2015-06-30,2.0799936835218875,1.3507549933797223,168088000000.0,61271000000.0,378411404551.25586,Moderate Risk
MSFT,2015-09-30,2.0799936835218875,1.3507549933797223,168088000000.0,61271000000.0,422978809700.17365,Moderate Risk
MSFT,2015-12-31,2.0799936835218875,1.3507549933797223,168088000000.0,61271000000.0,497346425666.8011,Moderate Risk
MSFT,2016-03-31,2.0799936835218875,1.3507549933797223,168088000000.0,61271000000.0,345189838576.6501,Moderate Risk
MSFT,2016-06-30,2.0799936835218875,1.3507549933797223,168088000000.0,61271000000.0,245915708379.6272,Moderate Risk
MSFT,2016-09-30,2.0799936835218875,1.3507549933797223,168088000000.0,61271000000.0,53181309293.06257,Moderate Risk
MSFT,2016-12-31,2.0799936835218875,1.3507549933797223,168088000000.0,61271000000.0,470869904620.1195,Moderate Risk
MSFT,2017-03-31,2.0799936835218875,1.3507549933797223,168088000000.0,61271000000.0,218289081914.7886,Moderate Risk
MSFT,2017-06-30,2.0799936835218875,1.3507549933797223,168088000000.0,61271000000.0,74398316723.39816,Moderate Risk
MSFT,2017-09-30,2.0799936835218875,1.3507549933797223,168088000000.0,61271000000.0,319053590108.79175,Moderate Risk
MSFT,2017-12-31,2.0799936835218875,1.3507549933797223,168088000000.0,61271000000.0,332385150557.5181,Moderate Risk
MSFT,2018-03-31,2.0799936835218875,1.3507549933797223,168088000000.0,61271000000.0,273069270065.26312,Moderate Risk
MSFT,2018-06-30,2.0799936835218875,1.3507549933797223,168088000000.0,61271000000.0,187179050377.4176,Moderate Risk
MSFT,2018-09-30,2.0799936835218875,1.3507549933797223,168088000000.0,61271000000.0,286367374805.1773,Moderate Risk
MSFT,2018-12-31,2.0799936835218875,1.3507549933797223,168088000000.0,61271000000.0,23205139570.22106,Moderate Risk
MSFT,2019-03-31,2.0799936835218875,1.3507549933797223,168088000000.0,61271000000.0,330818114483.6535,Moderate Risk
MSFT,2019-06-30,2.0799936835218875,1.3507549933797223,168088000000.0,61271000000.0,477689284869.71765,Moderate Risk
MSFT,2019-09-30,2.0799936835218875,1.3507549933797223,168088000000.0,61271000000.0,320251421332.262,Moderate Risk
MSFT,2019-12-31,2.0799936835218875,1.3507549933797223,168088000000.0,61271000000.0,211976042274.0094,Moderate Risk
MSFT,2020-03-31,2.0799936835218875,1.3507549933797223,168088000000.0,61271000000.0,168097136514.61813,Moderate Risk
MSFT,2020-06-30,2.0799936835218875,1.3507549933797223,168088000000.0,61271000000.0,357978944862.36194,Moderate Risk
MSFT,2020-09-30,2.0799936835218875,1.3507549933797223,168088000000.0,61271000000.0,299717995442.3913,Moderate Risk
MSFT,2020-12-31,2.0799936835218875,1.3507549933797223,168088000000.0,61271000000.0,442527505873.6069,Moderate Risk
MSFT,2021-03-31,2.0799936835218875,1.3507549933797223,168088000000.0,61271000000.0,491115882581.3389,Moderate Risk
MSFT,2021-06-30,2.0799936835218875,1.3507549933797223,168088000000.0,61271000000.0,370472119065.6581,Moderate Risk
MSFT,2021-09-30,2.0799936835218875,1.3507549933797223,168088000000.0,61271000000.0,203033334493.10535,Moderate Risk
MSFT,2021-12-31,2.0799936835218875,1.3507549933797223,168088000000.0,61271000000.0,352046814937.1081,Moderate Risk
MSFT,2022-03-31,2.0799936835218875,1.3507549933797223,168088000000.0,61271000000.0,83824726020.30174,Moderate Risk
MSFT,2022-06-30,2.0799936835218875,1.3507549933797223,168088000000.0,61271000000.0,125187984089.02086,Moderate Risk
MSFT,2022-09-30,2.0799936835218875,1.3507549933797223,168088000000.0,61271000000.0,3697605515.6196194,Moderate Risk
MSFT,2022-12-31,2.0799936835218875,1.3507549933797223,168088000000.0,61271000000.0,74025882241.1044,Moderate Risk
JPM,2012-03-31,11.53772908591631,0.7590502403966483,2645784341018.796,90874322834.998,273499031402.73163,Moderate Risk
JPM,2012-06-30,7.726645281273985,0.6239238913450796,409327614052.63995,88275168254.34943,351777046349.3955,Moderate Risk
JPM,2012-09-30,82.18637092423974,6.3111076799828805,822238755429.2656,81698604541.1635,493378715723.3523,High Risk
JPM,2012-12-31,59.330021054909665,2.055775375463075,1909445512560.8855,98973930454.39632,219491185258.361,High Risk
JPM,2013-03-31,42.37966512663149,0.5000396100206527,2327769251329.456,44568108130.11629,70206357717.83914,Moderate Risk
JPM,2013-06-30,4.80672269893642,0.618734178427461,1843242624724.46,11824031105.32004,278492991873.4059,Moderate Risk
JPM,2013-09-30,4.958348875593204,0.6003121800910974,2850668598965.401,46829668041.613655,169209239224.60617,Moderate Risk
JPM,2013-12-31,2.246959337539713,1.264002313780606,311875618210.3678,68840278730.72868,241962474159.35324,Moderate Risk
JPM,2014-03-31,9.566537212393728,0.21681114841121485,2705318214319.1826,95773444955.04341,38825485863.77672,Low Risk
JPM,2014-06-30,7.935582170378119,16.886686219061712,1326696571822.2324,39596905436.29173,51277227576.008156,High Risk
JPM,2014-09-30,7.291221926168237,0.4861515902338842,2879982001755.8403,19121683963.19667,470253539013.0134,Low Risk
JPM,2014-12-31,37.68821372457313,0.1715580573946059,1988542811905.407,39706218690.0257,196707608397.8233,Low Risk
JPM,2015-03-31,7.062351357718805,1.23054572435569,2723154035418.5728,90921253281.5439,375066770799.6062,Moderate Risk
JPM,2015-06-30,3.745034738992979,0.6187524356586237,2226668397394.6523,44322192174.87682,349884037912.262,Moderate Risk
JPM,2015-09-30,12.783337662961076,8.833599837033487,2060213671584.1401,14049649212.181002,325490355738.92737,High Risk
JPM,2015-12-31,0.9503688004608879,0.43650267648041785,511025382366.8989,44105904824.49196,326774940470.886,Low Risk
JPM,2016-03-31,13.755549757990792,1.1734498289535595,1057761561699.3715,7997915027.388685,122439941641.8913,Moderate Risk
JPM,2016-06-30,18.233721966438477,1.3648698485697544,1431121128508.92,18523452472.143036,184517013005.64856,Moderate Risk
JPM,2016-09-30,13.120497215508216,5.074623623660713,176456135521.18747,35695432552.676605,211806233659.05048,High Risk
JPM,2016-12-31,21.419424999433694,0.13740726559994965,2027222822268.71,5592826374.274531,449863207722.2526,Low Risk
JPM,2017-03-31,15.629394313596014,0.056381969128552895,1770114387301.7002,35520929389.400925,413634701570.9441,Low Risk
JPM,2017-06-30,4.3780226961237165,3.184270355886252,2018119223673.611,65781815021.20293,272853526090.495,High Risk
JPM,2017-09-30,58.64893666455219,2.207437456736528,1829340487137.1902,31759845844.637184,179764190923.18286,High Risk
JPM,2017-12-31,6.481326582771067,0.9214799143614938,2462227250537.0884,7322177932.336874,411944572979.14923,Moderate Risk
JPM,2018-03-31,0.7516277700093027,1.1318587134112448,1247385910055.6213,74113004952.81175,300661648346.3301,Moderate Risk
JPM,2018-06-30,19.72278425349286,0.18374247196564295,2035957575772.199,9289447594.215137,180278577835.2852,Low Risk
JPM,2018-09-30,224.69902194320858,1.3011135592544074,1290498618568.351,30772253860.214638,307698637846.65186,Moderate Risk
JPM,2018-12-31,50.66536439950809,3.682163777354113,1268899906495.426,28796746595.110077,171664406039.7221,High Risk
JPM,2019-03-31,32.98877774340373,1.808937028806314,1463449496508.85,22661977045.219185,138724520930.62762,High Risk
JPM,2019-06-30,11.072884189139964,0.305834800128662,1868155859825.634,58369045648.08283,490406751032.4218,Low Risk
JPM,2019-09-30,2.056475783980433,54.33037173875054,666884940668.6696,38309678089.93127,14522249296.806946,High Risk
JPM,2019-12-31,1.1225759293637145,1.0800563190985932,1011383273403.324,59164193498.76633,495966977293.70746,Moderate Risk
JPM,2020-03-31,2.0783631739601556,0.22716448255590332,833072541997.7488,40361153405.9784,88152727004.53497,Low Risk
JPM,2020-06-30,8.378134822704073,0.1834539243866028,199401630989.58197,57621840774.71178,268262880811.41663,Low Risk
JPM,2020-09-30,0.7544317662558978,0.09966396506130337,2675757357483.4614,28562389970.086433,169227423202.3759,Low Risk
JPM,2020-12-31,27.591905375172093,1.982656719866871,2676345688527.2837,22952616991.096146,469311271940.52094,High Risk
JPM,2021-03-31,4.920055254773555,1.2039080510942255,90385640913.22302,11267668371.472101,63469584340.72743,Moderate Risk
JPM,2021-06-30,15.49362400220571,0.7032100390066086,117170709355.2672,7590295041.324688,97724321146.5475,Moderate Risk
JPM,2021-09-30,11.826115241738181,3.6414361907868384,1600474742718.8894,17980983648.19687,337604624340.82263,High Risk
JPM,2021-12-31,3.9213430219018686,0.7480368480992257,416770630622.4141,8652501427.118113,353283627599.94806,Moderate Risk
JPM,2022-03-31,11.044689932765596,1.024538665077078,2407512943028.6396,1497152552.6252904,61894199272.24447,Moderate Risk
JPM,2022-06-30,6.871109214450881,0.8820128115557296,70981741825.61761,55714886295.47346,316238006712.66284,Moderate Risk
JPM,2022-09-30,9.06391751167674,0.6167710738281097,1741560919961.3,10077644764.123339,450509571370.49194,Moderate Risk
JPM,2022-12-31,13.124146640705442,0.7473492407587742,262309518293.76913,45067534041.59889,496799540477.1018,Moderate Risk
V,2012-03-31,1.9052377670572018,1.2347141673570836,21846000000.0,10866000000.0,9704000000.0,Moderate Risk
V,2012-06-30,1.9052377670572018,1.2347141673570836,21846000000.0,10866000000.0,9704000000.0,Moderate Risk
V,2012-09-30,1.9052377670572018,1.2347141673570836,21846000000.0,10866000000.0,9704000000.0,Moderate Risk
V,2012-12-31,1.9052377670572018,1.2347141673570836,21846000000.0,10866000000.0,9704000000.0,Moderate Risk
V,2013-03-31,1.9052377670572018,1.2347141673570836,21846000000.0,10866000000.0,9704000000.0,Moderate Risk
V,2013-06-30,1.9052377670572018,1.2347141673570836,21846000000.0,10866000000.0,9704000000.0,Moderate Risk
V,2013-09-30,1.9052377670572018,1.2347141673570836,21846000000.0,10866000000.0,9704000000.0,Moderate Risk
V,2013-12-31,1.9052377670572018,1.2347141673570836,21846000000.0,10866000000.0,9704000000.0,Moderate Risk
V,2014-03-31,1.9052377670572018,1.2347141673570836,21846000000.0,10866000000.0,9704000000.0,Moderate Risk
V,2014-06-30,1.9052377670572018,1.2347141673570836,21846000000.0,10866000000.0,9704000000.0,Moderate Risk
V,2014-09-30,1.9052377670572018,1.2347141673570836,21846000000.0,10866000000.0,9704000000.0,Moderate Risk
V,2014-12-31,1.9052377670572018,1.2347141673570836,21846000000.0,10866000000.0,9704000000.0,Moderate Risk
V,2015-03-31,1.9052377670572018,1.2347141673570836,21846000000.0,10866000000.0,9704000000.0,Moderate Risk
V,2015-06-30,1.9052377670572018,1.2347141673570836,21846000000.0,10866000000.0,9704000000.0,Moderate Risk
V,2015-09-30,1.9052377670572018,1.2347141673570836,21846000000.0,10866000000.0,9704000000.0,Moderate Risk
V,2015-12-31,1.9052377670572018,1.2347141673570836,21846000000.0,10866000000.0,9704000000.0,Moderate Risk
V,2016-03-31,1.9052377670572018,1.2347141673570836,21846000000.0,10866000000.0,9704000000.0,Moderate Risk
V,2016-06-30,1.9052377670572018,1.2347141673570836,21846000000.0,10866000000.0,9704000000.0,Moderate Risk
V,2016-09-30,1.9052377670572018,1.2347141673570836,21846000000.0,10866000000.0,9704000000.0,Moderate Risk
V,2016-12-31,1.9052377670572018,1.2347141673570836,21846000000.0,10866000000.0,9704000000.0,Moderate Risk
V,2017-03-31,1.9052377670572018,1.2347141673570836,21846000000.0,10866000000.0,9704000000.0,Moderate Risk
V,2017-06-30,1.9052377670572018,1.2347141673570836,21846000000.0,10866000000.0,9704000000.0,Moderate Risk
V,2017-09-30,1.9052377670572018,1.2347141673570836,21846000000.0,10866000000.0,9704000000.0,Moderate Risk
V,2017-12-31,1.9052377670572018,1.2347141673570836,21846000000.0,10866000000.0,9704000000.0,Moderate Risk
V,2018-03-31,1.9052377670572018,1.2347141673570836,21846000000.0,10866000000.0,9704000000.0,Moderate Risk
V,2018-06-30,1.9052377670572018,1.2347141673570836,21846000000.0,10866000000.0,9704000000.0,Moderate Risk
V,2018-09-30,1.9052377670572018,1.2347141673570836,21846000000.0,10866000000.0,9704000000.0,Moderate Risk
V,2018-12-31,1.9052377670572018,1.2347141673570836,21846000000.0,10866000000.0,9704000000.0,Moderate Risk
V,2019-03-31,1.9052377670572018,1.2347141673570836,21846000000.0,10866000000.0,9704000000.0,Moderate Risk
V,2019-06-30,1.9052377670572018,1.2347141673570836,21846000000.0,10866000000.0,9704000000.0,Moderate Risk
V,2019-09-30,1.9052377670572018,1.2347141673570836,21846000000.0,10866000000.0,9704000000.0,Moderate Risk
V,2019-12-31,1.9052377670572018,1.2347141673570836,21846000000.0,10866000000.0,9704000000.0,Moderate Risk
V,2020-03-31,1.9052377670572018,1.2347141673570836,21846000000.0,10866000000.0,9704000000.0,Moderate Risk
V,2020-06-30,1.9052377670572018,1.2347141673570836,21846000000.0,10866000000.0,9704000000.0,Moderate Risk
V,2020-09-30,1.9052377670572018,1.2347141673570836,21846000000.0,10866000000.0,9704000000.0,Moderate Risk
V,2020-12-31,1.9052377670572018,1.2347141673570836,21846000000.0,10866000000.0,9704000000.0,Moderate Risk
V,2021-03-31,1.9052377670572018,1.2347141673570836,21846000000.0,10866000000.0,9704000000.0,Moderate Risk
V,2021-06-30,1.9052377670572018,1.2347141673570836,21846000000.0,10866000000.0,9704000000.0,Moderate Risk
V,2021-09-30,1.9052377670572018,1.2347141673570836,21846000000.0,10866000000.0,9704000000.0,Moderate Risk
V,2021-12-31,1.9052377670572018,1.2347141673570836,21846000000.0,10866000000.0,9704000000.0,Moderate Risk
V,2022-03-31,1.9052377670572018,1.2347141673570836,21846000000.0,10866000000.0,9704000000.0,Moderate Risk
V,2022-06-30,1.9052377670572018,1.2347141673570836,21846000000.0,10866000000.0,9704000000.0,Moderate Risk
V,2022-09-30,1.9052377670572018,1.2347141673570836,21846000000.0,10866000000.0,9704000000.0,Moderate Risk
V,2022-12-31,1.9052377670572018,1.2347141673570836,21846000000.0,10866000000.0,9704000000.0,Moderate Risk
JNJ,2012-03-31,35.18184474913068,0.22252586769768884,82584000000.0,14714000000.0,20189000000.0,Low Risk
JNJ,2012-06-30,29.076799097942235,1.0913590927995316,82584000000.0,14714000000.0,20189000000.0,Moderate Risk
JNJ,2012-09-30,34.526816116386826,0.6887637673417142,82584000000.0,14714000000.0,20189000000.0,Moderate Risk
JNJ,2012-12-31,0.38923768011364845,2.4069971148791245,82584000000.0,14714000000.0,20189000000.0,High Risk
JNJ,2013-03-31,7.525386645189472,1.5962574914720045,82584000000.0,14714000000.0,20189000000.0,High Risk
JNJ,2013-06-30,10.99255153099174,1.0646884809771466,82584000000.0,14714000000.0,20189000000.0,Moderate Risk
JNJ,2013-09-30,16.254611585898303,21.856908957019403,82584000000.0,14714000000.0,20189000000.0,High Risk
JNJ,2013-12-31,0.6457754283954213,0.5715084933943442,82584000000.0,14714000000.0,20189000000.0,Moderate Risk
JNJ,2014-03-31,2.8764681005511497,0.685199164610217,82584000000.0,14714000000.0,20189000000.0,Moderate Risk
JNJ,2014-06-30,7.87744038800795,1.3095942940005865,82584000000.0,14714000000.0,20189000000.0,Moderate Risk
JNJ,2014-09-30,5.14012325124328,1.507230207133218,82584000000.0,14714000000.0,20189000000.0,High Risk
JNJ,2014-12-31,8.942298876987596,1.1649864205838245,82584000000.0,14714000000.0,20189000000.0,Moderate Risk
JNJ,2015-03-31,11.775457401069906,0.5540587853565141,82584000000.0,14714000000.0,20189000000.0,Moderate Risk
JNJ,2015-06-30,10.56819500936202,0.2668962132041389,82584000000.0,14714000000.0,20189000000.0,Low Risk
JNJ,2015-09-30,17.374202723900126,0.9927899455273747,82584000000.0,14714000000.0,20189000000.0,Moderate Risk
JNJ,2015-12-31,1.1151386647460886,0.5439930198426405,82584000000.0,14714000000.0,20189000000.0,Moderate Risk
JNJ,2016-03-31,10.926858005988528,0.887919347704084,82584000000.0,14714000000.0,20189000000.0,Moderate Risk
JNJ,2016-06-30,18.68992277510135,0.8113417197884465,82584000000.0,14714000000.0,20189000000.0,Moderate Risk
JNJ,2016-09-30,2.1783215396080866,0.42697375822402156,82584000000.0,14714000000.0,20189000000.0,Low Risk
JNJ,2016-12-31,7.1554552284197515,0.5294573741767352,82584000000.0,14714000000.0,20189000000.0,Moderate Risk
JNJ,2017-03-31,9.895211510435434,0.42792528713629935,82584000000.0,14714000000.0,20189000000.0,Low Risk
JNJ,2017-06-30,17.98801579480943,1.7296407404652718,82584000000.0,14714000000.0,20189000000.0,High Risk
JNJ,2017-09-30,42.40160991567775,1.5827205608304462,82584000000.0,14714000000.0,20189000000.0,High Risk
JNJ,2017-12-31,10.172011245383725,1.1410248128160703,82584000000.0,14714000000.0,20189000000.0,Moderate Risk
JNJ,2018-03-31,2.2158133454134066,0.7085333382921667,82584000000.0,14714000000.0,20189000000.0,Moderate Risk
JNJ,2018-06-30,3.6245950576652435,1.2081138181334905,82584000000.0,14714000000.0,20189000000.0,Moderate Risk
JNJ,2018-09-30,3.020763813859615,0.4058271201722241,82584000000.0,14714000000.0,20189000000.0,Low Risk
JNJ,2018-12-31,9.284410882622845,1.300304565569613,82584000000.0,14714000000.0,20189000000.0,Moderate Risk
JNJ,2019-03-31,12.256557077687212,1.0362830105925698,82584000000.0,14714000000.0,20189000000.0,Moderate Risk
JNJ,2019-06-30,8.421926966467796,0.9867607458401575,82584000000.0,14714000000.0,20189000000.0,Moderate Risk
JNJ,2019-09-30,329.7024514127705,0.813992817265968,82584000000.0,14714000000.0,20189000000.0,Moderate Risk
JNJ,2019-12-31,9.049304619898377,0.017043157072550847,82584000000.0,14714000000.0,20189000000.0,Low Risk
JNJ,2020-03-31,5.808975692238254,0.7122961011718628,82584000000.0,14714000000.0,20189000000.0,Moderate Risk
JNJ,2020-06-30,7.14940786147407,4.357926856225366,82584000000.0,14714000000.0,20189000000.0,High Risk
JNJ,2020-09-30,21.699098590792843,2.899189793872503,82584000000.0,14714000000.0,20189000000.0,High Risk
JNJ,2020-12-31,14.22300202162271,10.622925035491878,82584000000.0,14714000000.0,20189000000.0,High Risk
JNJ,2021-03-31,8.159394923515967,1.1518333501139841,82584000000.0,14714000000.0,20189000000.0,Moderate Risk
JNJ,2021-06-30,15.105805442974708,1.1318062611011865,82584000000.0,14714000000.0,20189000000.0,Moderate Risk
JNJ,2021-09-30,99.70176806986336,0.817677543729205,82584000000.0,14714000000.0,20189000000.0,Moderate Risk
JNJ,2021-12-31,3.9770543143282375,0.0435084908007932,82584000000.0,14714000000.0,20189000000.0,Low Risk
JNJ,2022-03-31,3.7387930615092233,0.9756658798697568,82584000000.0,14714000000.0,20189000000.0,Moderate Risk
JNJ,2022-06-30,13.297922446661099,1.0069681589159845,82584000000.0,14714000000.0,20189000000.0,Moderate Risk
JNJ,2022-09-30,4.122027750666655,0.5213648617858981,82584000000.0,14714000000.0,20189000000.0,Moderate Risk
JNJ,2022-12-31,12.606942415906866,1.0390214058889309,82584000000.0,14714000000.0,20189000000.0,Moderate Risk
WMT,2012-03-31,6.633327061822361,2.221669137697096,559151000000.0,13510000000.0,111352922757.58647,High Risk
WMT,2012-06-30,4.613882166267798,0.9104607313398732,559151000000.0,13510000000.0,129439351346.56992,Moderate Risk
WMT,2012-09-30,2.46565174112072,26.0605538804231,559151000000.0,13510000000.0,477149403685.11816,High Risk
WMT,2012-12-31,0.6075544638718371,1.0957793677509509,559151000000.0,13510000000.0,309316047633.4385,Moderate Risk
WMT,2013-03-31,0.4076101389819487,2.204386874811699,559151000000.0,13510000000.0,114395111749.96799,High Risk
WMT,2013-06-30,60.131101182706516,0.21247897085005676,559151000000.0,13510000000.0,-3721169265.126542,Low Risk
WMT,2013-09-30,0.9968519697517184,0.3771502332442221,559151000000.0,13510000000.0,36521663248.85333,Low Risk
WMT,2013-12-31,145.50240755076595,1.2720377445721291,559151000000.0,13510000000.0,24737379189.006126,Moderate Risk
WMT,2014-03-31,5.642878160683444,1.8646652817094502,559151000000.0,13510000000.0,368724452085.1719,High Risk
WMT,2014-06-30,10.462890951605473,1.2170242905393902,559151000000.0,13510000000.0,283083189247.7223,Moderate Risk
WMT,2014-09-30,11.495580549283044,0.6335672420585564,559151000000.0,13510000000.0,307177923248.271,Moderate Risk
WMT,2014-12-31,10.711233227663898,5.033912274603342,559151000000.0,13510000000.0,450119365420.57306,High Risk
WMT,2015-03-31,11.331317414028428,0.9468617311696836,559151000000.0,13510000000.0,72004369867.34105,Moderate Risk
WMT,2015-06-30,10.538059352080321,0.8363535622299277,559151000000.0,13510000000.0,175064528961.31284,Moderate Risk
WMT,2015-09-30,73.87168094408284,0.5536800401446399,559151000000.0,13510000000.0,205128871859.25943,Moderate Risk
WMT,2015-12-31,9.602822023080238,1.909274405570285,559151000000.0,13510000000.0,23111622206.147995,High Risk
WMT,2016-03-31,28.13112146504146,7.554646364662494,559151000000.0,13510000000.0,174549844562.34125,High Risk
WMT,2016-06-30,2.886400245872914,0.3230532750759913,559151000000.0,13510000000.0,47867271033.598366,Low Risk
WMT,2016-09-30,75.7082263975441,1.2082967268564024,559151000000.0,13510000000.0,28214666040.16062,Moderate Risk
WMT,2016-12-31,11.552734339910039,1.9678793497418066,559151000000.0,13510000000.0,421700973666.63983,High Risk
WMT,2017-03-31,24.144393136308583,0.1504909508894894,559151000000.0,13510000000.0,109011300075.63396,Low Risk
WMT,2017-06-30,107.6249671203412,7.766967285809086,559151000000.0,13510000000.0,98461121365.27287,High Risk
WMT,2017-09-30,28.967267892813624,0.8948319270787317,559151000000.0,13510000000.0,121267186376.89888,Moderate Risk
WMT,2017-12-31,10.71229098269366,7.474955108085832,559151000000.0,13510000000.0,364169639314.81696,High Risk
WMT,2018-03-31,28.0591936812595,0.6444579726107116,559151000000.0,13510000000.0,118159184062.02916,Moderate Risk
WMT,2018-06-30,15.319932871471675,0.6654952893472906,559151000000.0,13510000000.0,157839042290.60464,Moderate Risk
WMT,2018-09-30,3.615193711353068,0.3908730979584655,559151000000.0,13510000000.0,237229859467.13843,Low Risk
WMT,2018-12-31,12.308606683185312,0.9980591683742653,559151000000.0,13510000000.0,308661586230.5795,Moderate Risk
WMT,2019-03-31,2.612266260687802,1.9359740524582352,559151000000.0,13510000000.0,246456468483.44244,High Risk
WMT,2019-06-30,10.105418223296331,1.3020239621502117,559151000000.0,13510000000.0,293326203851.06775,Moderate Risk
WMT,2019-09-30,18.697522803810468,3.4568361712547144,559151000000.0,13510000000.0,278864575238.4516,High Risk
WMT,2019-12-31,30.498306394836998,0.6042578254263224,559151000000.0,13510000000.0,442248558040.58307,Moderate Risk
WMT,2020-03-31,20.592434768579423,0.1785435932560976,559151000000.0,13510000000.0,482827619081.8543,Low Risk
WMT,2020-06-30,13.609528498968935,0.1418080951413163,559151000000.0,13510000000.0,37915375998.76427,Low Risk
WMT,2020-09-30,91.17283748096358,1.6391767372278327,559151000000.0,13510000000.0,404825223735.97015,High Risk
WMT,2020-12-31,14.548439453553842,0.1679829134536792,559151000000.0,13510000000.0,230754231108.19995,Low Risk
WMT,2021-03-31,0.8931754142286025,1.5966533592187884,559151000000.0,13510000000.0,396795559866.4642,High Risk
WMT,2021-06-30,0.8749684608224039,3.256108610947252,559151000000.0,13510000000.0,96757926602.71729,High Risk
WMT,2021-09-30,40.56931519345572,0.5528737132439063,559151000000.0,13510000000.0,456930454739.56195,Moderate Risk
WMT,2021-12-31,57.77835877296534,0.22281999628703003,559151000000.0,13510000000.0,408898698205.6133,Low Risk
WMT,2022-03-31,77.20063925177396,2.366572773199639,559151000000.0,13510000000.0,253463070700.41556,High Risk
WMT,2022-06-30,9.30542975482895,1.7055191798181526,559151000000.0,13510000000.0,351665243184.4206,High Risk
WMT,2022-09-30,8.16479062976202,1.9516979577575482,559151000000.0,13510000000.0,409864921352.638,High Risk
WMT,2022-12-31,320.26456769022116,1.8351479947142133,559151000000.0,13510000000.0,202392748250.74368,High Risk
PG,2012-03-31,90.2545378761323,2.5868708517413816,76118000000.0,14306000000.0,263384680126.60873,High Risk
PG,2012-06-30,74.32085520232467,2.1315514721343845,76118000000.0,14306000000.0,427083437783.2208,High Risk
PG,2012-09-30,1.738941302318164,0.7264131444780915,76118000000.0,14306000000.0,416176201326.829,Moderate Risk
PG,2012-12-31,10.496500391725156,0.3864827020986826,76118000000.0,14306000000.0,255454293788.10538,Low Risk
PG,2013-03-31,50.103294715322484,0.8799802500195112,76118000000.0,14306000000.0,357368233376.2158,Moderate Risk
PG,2013-06-30,10.815384875958408,1.5754487677968374,76118000000.0,14306000000.0,330539129362.73425,High Risk
PG,2013-09-30,22.893586812222093,0.51385361471392,76118000000.0,14306000000.0,469862804485.38086,Moderate Risk
PG,2013-12-31,41.20235949449306,8.046975807057537,76118000000.0,14306000000.0,404773951331.844,High Risk
PG,2014-03-31,43.98157620625698,0.30019041751238446,76118000000.0,14306000000.0,225127943580.86075,Low Risk
PG,2014-06-30,11.747182734311181,1.1379079366214746,76118000000.0,14306000000.0,87554108400.5584,Moderate Risk
PG,2014-09-30,0.7361524306044117,1.9543010144475814,76118000000.0,14306000000.0,182504477152.62582,High Risk
PG,2014-12-31,18.757976955064688,0.9566778117815089,76118000000.0,14306000000.0,60271973174.82409,Moderate Risk
PG,2015-03-31,0.46023046124163086,1.107369176153177,76118000000.0,14306000000.0,296245009525.19556,Moderate Risk
PG,2015-06-30,180.99094202444488,2.022787002714816,76118000000.0,14306000000.0,191804915858.49448,High Risk
PG,2015-09-30,0.6466874318226751,0.14440218884710607,76118000000.0,14306000000.0,313814147013.60815,Low Risk
PG,2015-12-31,13.168819477951608,0.14770513433763155,76118000000.0,14306000000.0,185223283127.42892,Low Risk
PG,2016-03-31,7.407018767654816,1.7154330723096112,76118000000.0,14306000000.0,222253784823.15555,High Risk
PG,2016-06-30,24.295535254536357,0.26425204686672243,76118000000.0,14306000000.0,429404592678.2204,Low Risk
PG,2016-09-30,12.700959651372017,0.5351931757785222,76118000000.0,14306000000.0,117496417730.59657,Moderate Risk
PG,2016-12-31,72.21565078890441,9.284540929930563,76118000000.0,14306000000.0,470724476291.1083,High Risk
PG,2017-03-31,3.1807046493401603,0.7532731506314672,76118000000.0,14306000000.0,384351277003.64276,Moderate Risk
PG,2017-06-30,18.252519456009882,0.41892030066886754,76118000000.0,14306000000.0,173030886489.43118,Low Risk
PG,2017-09-30,4.705436832054479,0.4196893169203998,76118000000.0,14306000000.0,436179219666.207,Low Risk
PG,2017-12-31,8.220185115874035,0.8748823732927034,76118000000.0,14306000000.0,354439787650.71497,Moderate Risk
PG,2018-03-31,13.505982609113364,19.855146682420663,76118000000.0,14306000000.0,36397047779.93718,High Risk
PG,2018-06-30,15.51014767898643,0.8398782888175927,76118000000.0,14306000000.0,434903192260.8217,Moderate Risk
PG,2018-09-30,24.46792998243612,0.3163389213104531,76118000000.0,14306000000.0,120474551359.42464,Low Risk
PG,2018-12-31,4.930584471048503,0.5197646824974886,76118000000.0,14306000000.0,312535394566.37555,Moderate Risk
PG,2019-03-31,9.202857863551099,1.8171478135989945,76118000000.0,14306000000.0,-3228347237.186692,High Risk
PG,2019-06-30,7.814418880134275,0.5786237143622465,76118000000.0,14306000000.0,347824827602.0271,Moderate Risk
PG,2019-09-30,8.377887873021127,0.4775145765673365,76118000000.0,14306000000.0,81985283759.79071,Low Risk
PG,2019-12-31,12.327540287215964,1.3457242959626665,76118000000.0,14306000000.0,456055703931.2929,Moderate Risk
PG,2020-03-31,4.5232685754328905,1.041879847398223,76118000000.0,14306000000.0,65071731007.59206,Moderate Risk
PG,2020-06-30,4.748772485415038,0.9042995865859883,76118000000.0,14306000000.0,257602762489.50665,Moderate Risk
PG,2020-09-30,3.3433226392669346,1.9639627451409694,76118000000.0,14306000000.0,401470279417.848,High Risk
PG,2020-12-31,1.3834104726174454,3.1665082048845696,76118000000.0,14306000000.0,117142285188.46495,High Risk
PG,2021-03-31,8.240031134716592,0.7710906567218203,76118000000.0,14306000000.0,110319276354.84297,Moderate Risk
PG,2021-06-30,10.485918092134062,4.801092808080549,76118000000.0,14306000000.0,433932124226.5073,High Risk
PG,2021-09-30,9.403086817082983,1.9709413071258144,76118000000.0,14306000000.0,444510035346.4598,High Risk
PG,2021-12-31,18.013599689261227,0.15362896954091615,76118000000.0,14306000000.0,117953073620.65134,Low Risk
PG,2022-03-31,12.27250086764958,3.01289728538073,76118000000.0,14306000000.0,139677550728.87802,High Risk
PG,2022-06-30,6.0552081193470615,0.4887896730917252,76118000000.0,14306000000.0,247351124373.81357,Low Risk
PG,2022-09-30,10.201724700994308,2.998611902027584,76118000000.0,14306000000.0,101004140023.86023,High Risk
PG,2022-12-31,5.709120886471063,2.001018339697818,76118000000.0,14306000000.0,465683281470.75507,High Risk
DIS,2012-03-31,1.3238320564818988,1.2447148343562686,65388000000.0,-2864000000.0,3596000000.0,Moderate Risk
DIS,2012-06-30,1.3238320564818988,1.2447148343562686,65388000000.0,-2864000000.0,3596000000.0,Moderate Risk
DIS,2012-09-30,1.3238320564818988,1.2447148343562686,65388000000.0,-2864000000.0,3596000000.0,Moderate Risk
DIS,2012-12-31,1.3238320564818988,1.2447148343562686,65388000000.0,-2864000000.0,3596000000.0,Moderate Risk
DIS,2013-03-31,1.3238320564818988,1.2447148343562686,65388000000.0,-2864000000.0,3596000000.0,Moderate Risk
DIS,2013-06-30,1.3238320564818988,1.2447148343562686,65388000000.0,-2864000000.0,3596000000.0,Moderate Risk
DIS,2013-09-30,1.3238320564818988,1.2447148343562686,65388000000.0,-2864000000.0,3596000000.0,Moderate Risk
DIS,2013-12-31,1.3238320564818988,1.2447148343562686,65388000000.0,-2864000000.0,3596000000.0,Moderate Risk
DIS,2014-03-31,1.3238320564818988,1.2447148343562686,65388000000.0,-2864000000.0,3596000000.0,Moderate Risk
DIS,2014-06-30,1.3238320564818988,1.2447148343562686,65388000000.0,-2864000000.0,3596000000.0,Moderate Risk
DIS,2014-09-30,1.3238320564818988,1.2447148343562686,65388000000.0,-2864000000.0,3596000000.0,Moderate Risk
DIS,2014-12-31,1.3238320564818988,1.2447148343562686,65388000000.0,-2864000000.0,3596000000.0,Moderate Risk
DIS,2015-03-31,1.3238320564818988,1.2447148343562686,65388000000.0,-2864000000.0,3596000000.0,Moderate Risk
DIS,2015-06-30,1.3238320564818988,1.2447148343562686,65388000000.0,-2864000000.0,3596000000.0,Moderate Risk
DIS,2015-09-30,1.3238320564818988,1.2447148343562686,65388000000.0,-2864000000.0,3596000000.0,Moderate Risk
DIS,2015-12-31,1.3238320564818988,1.2447148343562686,65388000000.0,-2864000000.0,3596000000.0,Moderate Risk
DIS,2016-03-31,1.3238320564818988,1.2447148343562686,65388000000.0,-2864000000.0,3596000000.0,Moderate Risk
DIS,2016-06-30,1.3238320564818988,1.2447148343562686,65388000000.0,-2864000000.0,3596000000.0,Moderate Risk
DIS,2016-09-30,1.3238320564818988,1.2447148343562686,65388000000.0,-2864000000.0,3596000000.0,Moderate Risk
DIS,2016-12-31,1.3238320564818988,1.2447148343562686,65388000000.0,-2864000000.0,3596000000.0,Moderate Risk
DIS,2017-03-31,1.3238320564818988,1.2447148343562686,65388000000.0,-2864000000.0,3596000000.0,Moderate Risk
DIS,2017-06-30,1.3238320564818988,1.2447148343562686,65388000000.0,-2864000000.0,3596000000.0,Moderate Risk
DIS,2017-09-30,1.3238320564818988,1.2447148343562686,65388000000.0,-2864000000.0,3596000000.0,Moderate Risk
DIS,2017-12-31,1.3238320564818988,1.2447148343562686,65388000000.0,-2864000000.0,3596000000.0,Moderate Risk
DIS,2018-03-31,1.3238320564818988,1.2447148343562686,65388000000.0,-2864000000.0,3596000000.0,Moderate Risk
DIS,2018-06-30,1.3238320564818988,1.2447148343562686,65388000000.0,-2864000000.0,3596000000.0,Moderate Risk
DIS,2018-09-30,1.3238320564818988,1.2447148343562686,65388000000.0,-2864000000.0,3596000000.0,Moderate Risk
DIS,2018-12-31,1.3238320564818988,1.2447148343562686,65388000000.0,-2864000000.0,3596000000.0,Moderate Risk
DIS,2019-03-31,1.3238320564818988,1.2447148343562686,65388000000.0,-2864000000.0,3596000000.0,Moderate Risk
DIS,2019-06-30,1.3238320564818988,1.2447148343562686,65388000000.0,-2864000000.0,3596000000.0,Moderate Risk
DIS,2019-09-30,1.3238320564818988,1.2447148343562686,65388000000.0,-2864000000.0,3596000000.0,Moderate Risk
DIS,2019-12-31,1.3238320564818988,1.2447148343562686,65388000000.0,-2864000000.0,3596000000.0,Moderate Risk
DIS,2020-03-31,1.3238320564818988,1.2447148343562686,65388000000.0,-2864000000.0,3596000000.0,Moderate Risk
DIS,2020-06-30,1.3238320564818988,1.2447148343562686,65388000000.0,-2864000000.0,3596000000.0,Moderate Risk
DIS,2020-09-30,1.3238320564818988,1.2447148343562686,65388000000.0,-2864000000.0,3596000000.0,Moderate Risk
DIS,2020-12-31,1.3238320564818988,1.2447148343562686,65388000000.0,-2864000000.0,3596000000.0,Moderate Risk
DIS,2021-03-31,1.3238320564818988,1.2447148343562686,65388000000.0,-2864000000.0,3596000000.0,Moderate Risk
DIS,2021-06-30,1.3238320564818988,1.2447148343562686,65388000000.0,-2864000000.0,3596000000.0,Moderate Risk
DIS,2021-09-30,1.3238320564818988,1.2447148343562686,65388000000.0,-2864000000.0,3596000000.0,Moderate Risk
DIS,2021-12-31,1.3238320564818988,1.2447148343562686,65388000000.0,-2864000000.0,3596000000.0,Moderate Risk
DIS,2022-03-31,1.3238320564818988,1.2447148343562686,65388000000.0,-2864000000.0,3596000000.0,Moderate Risk
DIS,2022-06-30,1.3238320564818988,1.2447148343562686,65388000000.0,-2864000000.0,3596000000.0,Moderate Risk
DIS,2022-09-30,1.3238320564818988,1.2447148343562686,65388000000.0,-2864000000.0,3596000000.0,Moderate Risk
DIS,2022-12-31,1.3238320564818988,1.2447148343562686,65388000000.0,-2864000000.0,3596000000.0,Moderate Risk
MA,2012-03-31,2.358413725254707,0.5336054002574914,2396803580482.31,3727888130.3759174,155394639237.92862,Moderate Risk
MA,2012-06-30,13.050893843723916,21.26571643603514,2187040033647.9187,31189764473.97021,10736334551.324804,High Risk
MA,2012-09-30,147.55251298904813,1.3520208189849061,1491331171862.375,59251647444.16072,458464513696.4943,Moderate Risk
MA,2012-12-31,6.339155281479289,0.23613964893496192,892822775665.3167,30342665466.609882,434902918318.54987,Low Risk
MA,2013-03-31,4.618646750460305,0.16703450893286775,534570418218.1777,45864559422.8341,253677799941.40466,Low Risk
MA,2013-06-30,8.343365031239845,0.04998159329148963,1676871047100.1528,91357783242.48222,73582149148.4287,Low Risk
MA,2013-09-30,15.204924839871948,3.8501975023369175,2606179188497.238,4389336132.502375,149806991701.57217,High Risk
MA,2013-12-31,23.35552088925669,1.2543506587130024,2006771233606.774,52467788820.04187,358919718295.98785,Moderate Risk
MA,2014-03-31,25.615821547791157,1.6953611841382197,1493905692250.54,95338073537.91388,261321716819.00662,High Risk
MA,2014-06-30,7.197722244819377,0.3751542452759214,326051582851.6148,48233942516.63028,208078404495.69965,Low Risk
MA,2014-09-30,10.632410256769656,31.061912697551346,380830587996.9495,1246718766.2402878,113130181192.96071,High Risk
MA,2014-12-31,28.06412925429674,1.5142819601506339,1030384088422.8434,33414414068.124237,326063359860.545,High Risk
MA,2015-03-31,11.193247387220977,0.28389772129985624,1197047419226.8374,85137466989.42532,83412698713.58821,Low Risk
MA,2015-06-30,14.785877850430973,0.2531468897477731,2191473985558.237,26360578419.46564,346286426493.43774,Low Risk
MA,2015-09-30,90.48293221394673,2.7517099218095513,1376407822735.5793,71151243841.31947,61318218150.23866,High Risk
MA,2015-12-31,14.925415035822217,0.9774453495834812,1941715085949.0332,63131953794.075035,106664904949.7469,Moderate Risk
MA,2016-03-31,244.86276600931706,0.4493011055213107,44765257774.47379,52638012470.63932,180366781048.20212,Low Risk
MA,2016-06-30,4.152782845795734,1.0769686413039303,2283445578801.3047,93608759577.06537,187201693312.1038,Moderate Risk
MA,2016-09-30,2.386557540840795,0.23506649374020777,618025583408.5898,53333891134.84657,457862338031.8526,Low Risk
MA,2016-12-31,6.117956639044063,2.287163445204818,1166441502768.0007,90911654376.88866,75518449788.68541,High Risk
MA,2017-03-31,157.61480663400147,11.192057524224174,580561953333.9725,21713724400.746696,297087734992.8225,High Risk
MA,2017-06-30,11.92446827676213,19.11994686559332,315355014447.5417,60823140984.66642,176429866196.33307,High Risk
MA,2017-09-30,10.014283512282427,0.5902651478394176,2135384412655.833,89397246677.86609,267458918412.70523,Moderate Risk
MA,2017-12-31,51.589530141235734,0.09712495727557749,1811957963500.7244,168487702.48953795,429941335206.55774,Low Risk
MA,2018-03-31,8.414422866091018,1.0426949406028545,594396579101.1586,95443982666.8212,439658470670.5644,Moderate Risk
MA,2018-06-30,4.55379469834259,0.36714645199395785,163388016590.51392,68489481819.61853,121327471953.21355,Low Risk
MA,2018-09-30,8.990171106952122,1.1209859410370588,480256389638.596,5801361495.269968,223952636155.6201,Moderate Risk
MA,2018-12-31,289.7423243374144,0.01156543892074848,1523532738262.2507,36740908902.59766,191031119233.1174,Low Risk
MA,2019-03-31,21.46912850888242,0.13927112304184452,1644073845958.733,76290019551.31384,425978311302.8955,Low Risk
MA,2019-06-30,65.89317266454711,2.952421034277917,694326896791.8059,21630060188.552326,167421466081.43848,High Risk
MA,2019-09-30,24.347780462678706,0.7006077946265281,1855747474986.5994,70597714162.51974,350632900999.82996,Moderate Risk
MA,2019-12-31,11.467279117614106,1.803092824329441,700796822538.3915,17011802966.387218,205460804395.87805,High Risk
MA,2020-03-31,6.059714037578704,0.31328220538645646,2441975075289.539,2145633090.7655215,59965938553.12753,Low Risk
MA,2020-06-30,138.85150994814595,1.4905000585024368,234320054833.66342,7967410540.110708,432799495892.5074,Moderate Risk
MA,2020-09-30,20.29437076081984,0.12003408886841598,2990636980208.512,81984843096.38724,252224357822.7767,Low Risk
MA,2020-12-31,65.89893333173158,0.5628983731020702,389779738293.4355,53319501545.84233,214857341.92814445,Moderate Risk
MA,2021-03-31,9.894480333931776,0.1193949412942146,2434491455229.9346,44167467815.64052,231509903907.5635,Low Risk
MA,2021-06-30,3.593436467856513,17.203261379621054,1308449221188.4272,88618181433.58957,270399097424.10712,High Risk
MA,2021-09-30,7.997868102667204,0.04434527160537831,330195854036.99207,24800329069.87024,283934754744.57184,Low Risk
MA,2021-12-31,5.747944915666434,0.4789150060364732,2520553921881.8364,56589066576.93594,137029161123.05765,Low Risk
MA,2022-03-31,57.01499189277581,0.2976286682582282,1019551336806.9365,9948442748.621347,247174005000.81976,Low Risk
MA,2022-06-30,2.7587649484482055,1.077283589035538,118869844112.33588,62185985758.98231,490523288736.55896,Moderate Risk
MA,2022-09-30,4.229316579415639,1.037998630802302,393729889806.2828,66543980913.10861,91118516375.75468,Moderate Risk
MA,2022-12-31,9.806298781145864,0.6212845100936808,1024908479999.0645,83200393735.69676,460629691175.3388,Moderate Risk
UNH,2012-03-31,27.665663115800676,8.542944616970017,255639000000.0,15403000000.0,412586190786.4111,High Risk
UNH,2012-06-30,8.246143535285189,0.1937432108382601,255639000000.0,15403000000.0,283239347890.68567,Low Risk
UNH,2012-09-30,1.9874595822232375,0.8813658768136858,255639000000.0,15403000000.0,340610572346.63806,Moderate Risk
UNH,2012-12-31,4.890524101147256,0.42619998315689045,255639000000.0,15403000000.0,132594769460.49329,Low Risk
UNH,2013-03-31,22.147907989274554,0.9008094580875728,255639000000.0,15403000000.0,393662961267.83997,Moderate Risk
UNH,2013-06-30,3.9544532907994276,4.370710430942627,255639000000.0,15403000000.0,103076511303.35414,High Risk
UNH,2013-09-30,9.438275509309818,0.9906476503682163,255639000000.0,15403000000.0,24574019529.080345,Moderate Risk
UNH,2013-12-31,11.665695650663602,0.6386887673764491,255639000000.0,15403000000.0,427430086859.6696,Moderate Risk
UNH,2014-03-31,38.896088397991164,3.3295785030246514,255639000000.0,15403000000.0,466859387913.97723,High Risk
UNH,2014-06-30,2.9526475504082206,0.6491103151020334,255639000000.0,15403000000.0,277269392771.0758,Moderate Risk
UNH,2014-09-30,43.801919726310864,1.4664169990174352,255639000000.0,15403000000.0,173708362342.00986,Moderate Risk
UNH,2014-12-31,13.538164146255403,21.877715006304143,255639000000.0,15403000000.0,67354482474.588776,High Risk
UNH,2015-03-31,19.716463702597668,0.06420837066623353,255639000000.0,15403000000.0,29925763852.074806,Low Risk
UNH,2015-06-30,7.561034985310029,1.0984276906466788,255639000000.0,15403000000.0,368258692878.30646,Moderate Risk
UNH,2015-09-30,166.1170714195918,3.5135389739619223,255639000000.0,15403000000.0,440225371673.03894,High Risk
UNH,2015-12-31,2.9279781693494784,0.41353807362812317,255639000000.0,15403000000.0,201825883741.24942,Low Risk
UNH,2016-03-31,4.69021099107035,0.5855637022828653,255639000000.0,15403000000.0,14529710504.96217,Moderate Risk
UNH,2016-06-30,5.982265408250994,1.069879930097539,255639000000.0,15403000000.0,106018729359.80602,Moderate Risk
UNH,2016-09-30,0.7727168258247274,0.7205959374399694,255639000000.0,15403000000.0,77754119918.5554,Moderate Risk
UNH,2016-12-31,13.173518849114291,0.4602502305496502,255639000000.0,15403000000.0,412759644545.509,Low Risk
UNH,2017-03-31,152.2380661406687,4.49076128780822,255639000000.0,15403000000.0,143634538941.44913,High Risk
UNH,2017-06-30,47.04984224351354,0.6916118309158985,255639000000.0,15403000000.0,50634053167.09155,Moderate Risk
UNH,2017-09-30,63.41781687663522,0.20709857978999313,255639000000.0,15403000000.0,421199008563.7377,Low Risk
UNH,2017-12-31,1.0765029181961703,0.005847806383666025,255639000000.0,15403000000.0,221162085468.2003,Low Risk
UNH,2018-03-31,4.975247997919198,0.5037543359403716,255639000000.0,15403000000.0,188572555053.01022,Moderate Risk
UNH,2018-06-30,14.647469637719935,22.15087649433707,255639000000.0,15403000000.0,431107484390.353,High Risk
UNH,2018-09-30,2.966006760411056,0.2790693538340949,255639000000.0,15403000000.0,139505659181.80795,Low Risk
UNH,2018-12-31,20.19471362694922,0.7360794954405032,255639000000.0,15403000000.0,14106326419.195747,Moderate Risk
UNH,2019-03-31,24.518772436615553,0.5500861911028274,255639000000.0,15403000000.0,46302718831.23328,Moderate Risk
UNH,2019-06-30,9.257611525118962,1.0779373626467617,255639000000.0,15403000000.0,181147287068.61365,Moderate Risk
UNH,2019-09-30,6.246477283442158,1.5339965195494853,255639000000.0,15403000000.0,113885598185.524,High Risk
UNH,2019-12-31,2.033781249205206,0.2281765406026063,255639000000.0,15403000000.0,281882682212.81903,Low Risk
UNH,2020-03-31,6.778870589464115,0.4719692561875956,255639000000.0,15403000000.0,111564735650.01373,Low Risk
UNH,2020-06-30,34.95982808307197,2.0196573510979348,255639000000.0,15403000000.0,216773861279.58948,High Risk
UNH,2020-09-30,77.52015996827397,1.5033721330667946,255639000000.0,15403000000.0,184628317837.6263,High Risk
UNH,2020-12-31,346.9186867911615,1.3060998218912672,255639000000.0,15403000000.0,1882228156.7508135,Moderate Risk
UNH,2021-03-31,19.957302598204446,0.34635183742015074,255639000000.0,15403000000.0,392433363225.69574,Low Risk
UNH,2021-06-30,195.1484948927868,1.9623379784283737,255639000000.0,15403000000.0,258818168376.86526,High Risk
UNH,2021-09-30,13.92436985465109,1.7273688925025368,255639000000.0,15403000000.0,437227643312.39905,High Risk
UNH,2021-12-31,14.251566330365776,1.7812640612224377,255639000000.0,15403000000.0,409745068592.614,High Risk
UNH,2022-03-31,48.12629506494337,243.98624294075287,255639000000.0,15403000000.0,73846767220.17815,High Risk
UNH,2022-06-30,7.78685245315991,0.659245563680068,255639000000.0,15403000000.0,145710535619.50375,Moderate Risk
UNH,2022-09-30,2.402093630250638,9.734523389896173,255639000000.0,15403000000.0,294989431010.63727,High Risk
UNH,2022-12-31,0.6371396664202218,0.5973395390949979,255639000000.0,15403000000.0,214759810117.78735,Moderate Risk
VZ,2012-03-31,2.584745062854977,1.0003951053377251,2953939607294.136,79328922.0331471,47763367947.9482,Moderate Risk
VZ,2012-06-30,21.45873467325343,0.9463228139828166,2642861120750.375,91908187745.18382,242957258728.26736,Moderate Risk
VZ,2012-09-30,11.22569790740008,4.0975672456332815,3126028543.1041374,95883077814.54985,60998593423.45679,High Risk
VZ,2012-12-31,0.9891693983030323,0.3267064238044293,1862431717097.5742,20155665794.720463,257322122936.32785,Low Risk
VZ,2013-03-31,16.070492933511098,1.1597098121215532,442459504803.10175,79812072008.55151,467534853688.0175,Moderate Risk
VZ,2013-06-30,9.747421118659604,0.27607637457662354,1682842711618.6958,62715146574.314285,340487173298.84174,Low Risk
VZ,2013-09-30,7.1580386859163365,1.1380043266399393,2725536276464.03,27396186262.79841,66004910663.07437,Moderate Risk
VZ,2013-12-31,181.14407661587651,0.07117494758613067,1780083578266.182,60927039531.79864,228860412990.17337,Low Risk
VZ,2014-03-31,9.338797756822522,1.0578853158652197,2639016598886.5063,35703843460.47535,25233500651.37693,Moderate Risk
VZ,2014-06-30,66.4609392646585,1.3143334387012264,165265028732.61136,13442866950.903664,445907544972.41833,Moderate Risk
VZ,2014-09-30,9.078736291365756,0.9854273701091649,1479150934781.018,14063603694.187803,16598760703.78989,Moderate Risk
VZ,2014-12-31,1.1542091799764396,0.9518346379805619,1072841483751.5618,45533674739.69324,204178990450.64514,Moderate Risk
VZ,2015-03-31,10.11355379783899,0.7125564145015489,2108849533304.516,63549269188.446945,6324089818.639759,Moderate Risk
VZ,2015-06-30,57.03475415355173,0.6070077758310404,2941138780171.445,7494534155.743548,51690195244.439255,Moderate Risk
VZ,2015-09-30,26.46151781844842,1.0676728908416546,1208727702557.2434,43001879370.0482,25368881241.776337,Moderate Risk
VZ,2015-12-31,18.29650679778306,1.2072219345963338,1548661324902.448,31084759755.355,209864727578.69052,Moderate Risk
VZ,2016-03-31,7.841640443273777,1.1921616105950332,2651518830702.921,87787128934.96112,103564378001.71448,Moderate Risk
VZ,2016-06-30,10.238449006203904,3.2700474887128474,685492522430.2025,50971705142.24372,374628544986.7009,High Risk
VZ,2016-09-30,65.60631980769463,1.3448029882933858,2137160718324.0874,59606707070.60047,46382295868.461624,Moderate Risk
VZ,2016-12-31,12.536871258862373,0.6687419509734409,2004203488299.4443,57498279167.29964,277526789617.148,Moderate Risk
VZ,2017-03-31,7.665391463775203,0.15045807759702645,2875081514006.024,93866462378.87111,264813099904.894,Low Risk
VZ,2017-06-30,8.049608684487682,2.3443235692444513,1799575892933.601,59262569957.91585,427389952938.5875,High Risk
VZ,2017-09-30,1.5949406162834479,0.39284713693344947,1537196668124.1067,33771491297.119797,442469375970.9201,Low Risk
VZ,2017-12-31,8.773623418185519,0.741242081086805,1033405933280.1971,28691813649.878464,496844627479.3572,Moderate Risk
VZ,2018-03-31,20.87743998157598,0.8271581064629385,1832929626205.3835,8425320774.60998,322496727676.13336,Moderate Risk
VZ,2018-06-30,8.723239218431894,2.883833213043564,2709202555215.2827,96683107567.6912,92122634972.79697,High Risk
VZ,2018-09-30,12.051276494924892,0.3110897504303994,721412149788.7255,842933574.8341949,454771551223.4662,Low Risk
VZ,2018-12-31,34.83585807981062,5.339481821380515,1883939170887.662,26478256387.28067,118107260443.05888,High Risk
VZ,2019-03-31,20.398385427167042,0.07251734158509296,913326823591.7017,55246994550.18354,258324946324.1053,Low Risk
VZ,2019-06-30,0.5377044003544998,0.14726938020620373,324415159702.0863,58467377557.35955,36763065332.67022,Low Risk
VZ,2019-09-30,1.9891042166355581,9.502744580021112,296300486638.6912,64754431911.003784,122067631559.23708,High Risk
VZ,2019-12-31,22.012530650426122,0.9273993918152177,1948099767726.3176,51856104009.105034,151650623092.12817,Moderate Risk
VZ,2020-03-31,5.500360296022528,0.5083251571725431,1776304769475.085,79493884863.48409,-3964373696.596535,Moderate Risk
VZ,2020-06-30,4.805536908435409,0.9003950339269724,1974014391381.7664,35060238785.41618,435931971322.93274,Moderate Risk
VZ,2020-09-30,6.439564261384213,0.3525480270496569,703474221048.6464,17339671378.80692,201326062193.5698,Low Risk
VZ,2020-12-31,12.29493164444312,0.20486323918641935,1549751137526.7583,36362227241.77895,483195709342.59985,Low Risk
VZ,2021-03-31,62.999249163271294,1.3017417036277799,2647758640148.145,59150137290.7866,330758370257.82135,Moderate Risk
VZ,2021-06-30,6.042032678963693,0.23543354130928085,2060375344959.245,28094417751.627254,336528713046.20715,Low Risk
VZ,2021-09-30,9.570599686232471,0.03609162887678195,1859636496951.8357,49856554016.474174,472703018834.95135,Low Risk
VZ,2021-12-31,7.8977298957061315,1.443566212383152,511079627804.4688,6732123212.123271,374907768903.5394,Moderate Risk
VZ,2022-03-31,6.198609388072,1.0344387220457907,1142247754368.6433,72477534706.50859,403618752490.76434,Moderate Risk
VZ,2022-06-30,1.1741842462494394,0.6858480071511123,298920551651.1679,-437666970.82315505,112349887302.57803,Moderate Risk
VZ,2022-09-30,8.95126697532065,36.8593350283754,1260715252828.7058,81048486787.27142,78824975178.12753,High Risk
VZ,2022-12-31,26.604402754883303,3.3131789954177218,2769142435571.862,32776704949.5507,5331865506.963711,High Risk
INTC,2012-03-31,84.7631581752851,0.6690543275597525,2490717796293.435,78466461372.41783,149673342484.60907,Moderate Risk
INTC,2012-06-30,42.90631737973419,0.8732548903766336,1132773813861.493,85229903231.05716,253434845530.22296,Moderate Risk
INTC,2012-09-30,7.375829500647612,0.7459950660202177,521272504542.6923,37111763307.867386,409250751491.29987,Moderate Risk
INTC,2012-12-31,9.77940850406058,0.8390631623134839,2799403877005.6587,95625991775.8231,349142421124.1498,Moderate Risk
INTC,2013-03-31,10.708016328717294,0.39276021587692467,544174589722.89014,62880828140.779015,184722528896.55133,Low Risk
INTC,2013-06-30,13.662358448627662,1.5846058537641865,2304230231415.1665,48642977148.73233,344051775174.85504,High Risk
INTC,2013-09-30,25.73002579130182,2.624981603054222,1681628681683.281,67712040046.98643,185622191896.31296,High Risk
INTC,2013-12-31,28.438795511404198,0.8045284508895455,1570704075957.1714,4039895078.9852285,353420736022.3981,Moderate Risk
INTC,2014-03-31,88.65143048764966,0.6439864902595778,2722524880542.9863,68064730838.479706,400696890509.4878,Moderate Risk
INTC,2014-06-30,2.844155943217539,1.0025754675514482,1275255551397.645,24264398426.06822,494228596572.71533,Moderate Risk
INTC,2014-09-30,27.265803728654408,0.16980644560876335,2270816791175.194,77122872061.7905,166017904536.4066,Low Risk
INTC,2014-12-31,26.024775168700458,1.9931888663499346,2972974671711.759,92155439220.23294,467054030754.6442,High Risk
INTC,2015-03-31,5.614318135222838,0.9114014235122402,1741869825949.9094,63176162957.16844,345833005480.87646,Moderate Risk
INTC,2015-06-30,9.815736472089844,0.9287769022698046,2799373077835.1323,45039214772.10652,60251434076.215256,Moderate Risk
INTC,2015-09-30,82.5066943432388,0.03147501890415444,2507046041180.5244,26712391681.24948,358094493646.1083,Low Risk
INTC,2015-12-31,15.646297696845503,1.313856092253075,2745543742019.6377,40498546133.24346,171858091693.5351,Moderate Risk
INTC,2016-03-31,6.590520530084842,0.8016717257835217,2160901460303.092,21502689320.920105,411956371925.72076,Moderate Risk
INTC,2016-06-30,19.95503364675815,0.7645697496673962,1133161944379.707,66624792123.98327,356470287642.2249,Moderate Risk
INTC,2016-09-30,22.76944020050646,3.7014933377636834,2829952261086.8936,51572642939.87047,223025355167.428,High Risk
INTC,2016-12-31,2.2927191498895305,3.1975917747346068,2167714913390.6702,27268767148.486637,440885046252.77747,High Risk
INTC,2017-03-31,11.94965067979458,0.12236954538263844,996454214169.323,45607265316.52195,300493974319.0796,Low Risk
INTC,2017-06-30,1.5683563473151416,1.0451029807569805,2837818140943.3896,17175106059.23705,39507895210.93281,Moderate Risk
INTC,2017-09-30,20.084933656106454,1.018042812464209,984708200333.2589,81541137426.24205,379018028998.25885,Moderate Risk
INTC,2017-12-31,9.055064455724443,2.2637216804399762,2916683664810.1924,56299463378.07871,445438635003.43994,High Risk
INTC,2018-03-31,13.77808843982931,0.38195327709800186,1191771887093.7087,52513453174.12667,21250569969.27111,Low Risk
INTC,2018-06-30,1.0837670255426952,1.336620834132279,860557024224.3514,74778745228.35732,328278183551.26764,Moderate Risk
INTC,2018-09-30,127.71645083980171,1.2269234241330411,508433830006.79663,80970743382.54263,253967780560.51852,Moderate Risk
INTC,2018-12-31,9.941747902084888,1.5532270911574242,231948790725.29514,37187793570.57465,5917569720.576046,High Risk
INTC,2019-03-31,6.6152346016672645,2.0622655469423012,2988269118643.349,24103228767.871166,132674442148.0582,High Risk
INTC,2019-06-30,23.35997073859476,2.491749598950538,2542400586272.962,18225527589.230392,74388220605.47731,High Risk
INTC,2019-09-30,16.865438247880785,0.12150140659647728,2148346027075.4897,19201208837.19784,50659695925.76512,Low Risk
INTC,2019-12-31,17.491825422290155,0.7094983171353806,524724822687.2058,14832473050.080473,38538604454.343704,Moderate Risk
INTC,2020-03-31,4.257217921191784,1.571929284898136,1229566197281.8372,96654718258.81421,366920731840.3358,High Risk
INTC,2020-06-30,4.756157931797873,0.2930366088017385,2358928142640.6465,64371376062.35595,442989812779.2632,Low Risk
INTC,2020-09-30,7.7983401516314865,1.4275675392751666,1166392515799.208,26592980456.732765,202651343671.74286,Moderate Risk
INTC,2020-12-31,0.4251205998772054,1.687361847976313,1389757603441.5432,30828219973.82195,434989166375.20374,High Risk
INTC,2021-03-31,2.448196177829367,0.013884691793704931,2594801025601.535,45866530382.45978,275628016355.70715,Low Risk
INTC,2021-06-30,9.148151162979454,0.9797400050779348,145906347817.59485,82239978810.12471,8946013915.696537,Moderate Risk
INTC,2021-09-30,20.37342406106432,0.8371471223966034,2621762477230.128,66747085265.70106,451596587273.42816,Moderate Risk
INTC,2021-12-31,14.241923079054216,0.8110600785973772,2693170683929.75,86573156250.11792,269303804550.08716,Moderate Risk
INTC,2022-03-31,29.816860978540017,1.5035497213294615,1540234230142.8186,63930011178.28907,125643804489.21017,High Risk
INTC,2022-06-30,9.241149981242094,0.5259303356408042,1093434463433.4175,21075716042.270584,279599031351.24585,Moderate Risk
INTC,2022-09-30,29.45056089132175,0.22804777642669521,2695577132437.647,94117209064.2308,337832729256.9631,Low Risk
INTC,2022-12-31,4.879911595406024,0.31565042188640485,2019922056249.253,67687001697.57009,587798768.8507557,Low Risk
KO,2012-03-31,7.043303422190863,1.4592693076629195,387287901384.83685,10033834204.941492,222691481575.2636,Moderate Risk
KO,2012-06-30,0.12874431042657217,0.16463643601797245,553500465341.5485,67301972027.206,389585479100.1035,Low Risk
KO,2012-09-30,19.482390952539472,0.892617122178678,799232972846.0355,29586806625.65003,355711995986.19867,Moderate Risk
KO,2012-12-31,13.138183113012051,2.686641462895258,2458538082386.6704,58309774166.89805,492702352824.2641,High Risk
KO,2013-03-31,1.8263647254549469,0.20064300958527473,210442620125.68372,70464885185.72,163927192296.03662,Low Risk
KO,2013-06-30,51.23636180726973,0.6052470079160949,2015762500925.4468,19105261961.00758,492010680132.2823,Moderate Risk
KO,2013-09-30,8.705286721406871,4.491870010817052,1041347122131.3776,88882779405.91539,445241141199.63586,High Risk
KO,2013-12-31,11.050586102949325,2.3161947958833706,2940669349322.0786,83222598358.543,358068048614.1565,High Risk
KO,2014-03-31,1.5229259713006273,0.008189138356546714,1262803405147.6912,30512526320.60063,195816045843.9012,Low Risk
KO,2014-06-30,3.202747797439418,1.4002054188625213,1681265667801.718,81364449921.68657,171355446559.45358,Moderate Risk
KO,2014-09-30,46.52274822488027,0.5242132952717197,561105135307.0945,87403686388.64102,18020475850.469616,Moderate Risk
KO,2014-12-31,0.24583483333962153,1.4470713285802501,2516960034933.1216,10379544046.399061,165631324869.43292,Moderate Risk
KO,2015-03-31,2.31502491004519,0.4448552417120599,2311266790197.71,72546114483.37111,279615933330.90027,Low Risk
KO,2015-06-30,9.023939891370004,0.8750546998144345,2598321622906.951,31194088401.766872,482197756958.12213,Moderate Risk
KO,2015-09-30,11.042542427857908,12.549220443344089,931242982367.212,34694269841.64144,291815284546.8621,High Risk
KO,2015-12-31,5.007514123574637,0.6126393944842067,1726560632228.3506,53378260783.327805,497295411399.3983,Moderate Risk
KO,2016-03-31,9.488851132000406,2.7807161807069867,502084005216.4941,10870911059.608854,159284159728.83984,High Risk
KO,2016-06-30,21.12942604344213,0.20436569370985286,656933462743.575,92126288650.27406,108040966252.09073,Low Risk
KO,2016-09-30,0.8208160823213425,0.935645485495061,1718795247054.7085,70769682006.33113,472741666085.8357,Moderate Risk
KO,2016-12-31,28.18896753876754,0.37403230965535456,398563415987.0197,3882780151.898368,45482073823.209,Low Risk
KO,2017-03-31,7.7451865531197575,0.4510714515196629,2051708252163.8037,53630639041.02993,112160985703.41891,Low Risk
KO,2017-06-30,3.575428194475387,0.09957809860713146,1620480508912.1838,31564314134.464092,310005261235.03827,Low Risk
KO,2017-09-30,10.795274877389273,0.10495428499982108,1747031402900.3303,30518616805.049553,215119995161.4048,Low Risk
KO,2017-12-31,7.573340535263732,0.9294713784548255,216750307708.58905,94262408726.48398,164437705624.23352,Moderate Risk
KO,2018-03-31,37.12742932336719,0.09314944397898803,541329843323.1094,41347107046.95959,343088574727.4782,Low Risk
KO,2018-06-30,18.77234082155726,0.5966645681566284,2094271186960.3005,12342776829.294333,270423817702.57367,Moderate Risk
KO,2018-09-30,5.944585344430673,3.872799872719086,1243308353530.1653,8772706143.358667,446721302728.4434,High Risk
KO,2018-12-31,33.26904281351418,1.8287780194827206,2647577349469.5947,57502566841.83173,95420524979.75237,High Risk
KO,2019-03-31,10.717369482210227,0.6108114108139505,1009070321511.3596,80665744817.62933,282088589892.5881,Moderate Risk
KO,2019-06-30,6.67405486824292,0.6546863366120871,2362187305867.7134,1121416557.935615,270612800526.36493,Moderate Risk
KO,2019-09-30,7.0458928264041365,1.6995772488207985,28958831102.903217,79454263056.14636,450235665256.12604,High Risk
KO,2019-12-31,6.192050562984724,0.8808073157353428,820265363271.3173,84704516418.2713,240846985419.18466,Moderate Risk
KO,2020-03-31,15.065216175240106,1.470353956253951,2385010456009.921,85820614772.19362,482892961729.6748,Moderate Risk
KO,2020-06-30,7.713942637041931,0.27103003220321914,892072271648.4663,39718810082.29327,174457082441.24777,Low Risk
KO,2020-09-30,5.235981613440867,0.9461223278204555,2885445274849.973,20837203162.28006,368893176504.4464,Moderate Risk
KO,2020-12-31,35.03109309637313,0.08205897655851767,747626978493.1754,26449871050.62992,131589150822.11835,Low Risk
KO,2021-03-31,9.715740194955764,0.5784632784669488,2229131792496.3594,15704992216.628853,407413538272.5565,Moderate Risk
KO,2021-06-30,0.08064079838213589,0.895694909055677,1873190404198.776,81610248626.65744,172045004611.05942,Moderate Risk
KO,2021-09-30,8.322356051091987,24.253739775106713,2175828217007.7874,86758089770.31578,30951411714.740494,High Risk
KO,2021-12-31,10.468277001820319,2.1164515825914525,847399117838.4434,55868903076.54726,455455385616.5775,High Risk
KO,2022-03-31,0.2245106646713072,1.3229580510032994,467716475288.9345,55454411257.60703,87868483033.29282,Moderate Risk
KO,2022-06-30,13.58226013496602,0.33306084437018124,1041649116525.3148,35872151998.2875,420983691893.46857,Low Risk
KO,2022-09-30,8.457698096294072,2.423434776755854,635493210756.046,93473096285.43127,338164492490.9479,High Risk
KO,2022-12-31,3.726349323119985,0.5875928470755067,2292369569146.3525,94329271189.19186,392752763709.9518,Moderate Risk
PFE,2012-03-31,36.44392718150834,4.225107458039743,1746267816057.239,82276668184.91379,337947075365.42615,High Risk
PFE,2012-06-30,9.513825499028027,1.4370693971193709,2601937244795.875,71687557088.2317,317279328159.8414,Moderate Risk
PFE,2012-09-30,5.449201180219587,0.4414406353011844,698259579592.9795,32191188611.3298,11151568759.357664,Low Risk
PFE,2012-12-31,3.712739668160894,0.31380087132433043,1299773078788.9634,28365707552.871952,162534068863.79828,Low Risk
PFE,2013-03-31,7.297786073494965,0.7152657649228215,2011242049154.3596,89555623416.1817,414943427467.6854,Moderate Risk
PFE,2013-06-30,14.451190199322063,0.20066828834261236,383411616171.86804,53826806344.41225,281344514222.03033,Low Risk
PFE,2013-09-30,12.363997258071398,0.714175266336053,2929098902088.613,60466412735.44979,45812314833.98948,Moderate Risk
PFE,2013-12-31,9.03949500704121,1.1569158204250873,876954674702.28,19922862466.870823,389479180936.76624,Moderate Risk
PFE,2014-03-31,6.6836231254875305,0.029184886238427438,1961128491317.8657,47842773244.46841,447489170813.4717,Low Risk
PFE,2014-06-30,8.219814292159393,10.247873734181084,1308775254150.7124,57621382199.244125,184072198348.40356,High Risk
PFE,2014-09-30,11.944991119734492,1.222186154972468,2338371268324.3525,24680444729.44286,49327070104.2646,Moderate Risk
PFE,2014-12-31,6.065127734469536,0.6453068312460024,1241854307281.5845,94937240865.40134,39011037941.1225,Moderate Risk
PFE,2015-03-31,39.448253019849474,0.33228328826918385,258001440356.31168,60148506488.20163,69430689991.81201,Low Risk
PFE,2015-06-30,35.53714612255197,4.328268520425663,469575573407.7416,69846105827.79005,215195859997.03003,High Risk
PFE,2015-09-30,1.5272448559650815,1.2050049683145223,2874383372148.8013,33703742666.411415,272845591034.52863,Moderate Risk
PFE,2015-12-31,7.099976645321709,1.7349554525704947,1987436243892.5198,2456459187.5765452,140860484106.76065,High Risk
PFE,2016-03-31,1.2824695790975664,2.509435256949895,2501012194946.3633,95494158848.31892,149891355161.17422,High Risk
PFE,2016-06-30,22.91061034132361,0.49409315899398853,547612796942.05774,10628327612.495308,258333498130.6197,Low Risk
PFE,2016-09-30,6.647395683002302,0.013258498955402646,1211364571269.3193,86308326310.3783,194146135036.0239,Low Risk
PFE,2016-12-31,2.8572781965485334,0.17978806546351297,377446257215.58716,52566830986.7097,468409402126.9124,Low Risk
PFE,2017-03-31,12.489706684538715,1.5822140472469337,1279877238525.018,57306166399.34859,321280441043.9056,High Risk
PFE,2017-06-30,1.800659546170994,0.2871944617649758,537044392366.69415,95961667401.13145,309025378691.9705,Low Risk
PFE,2017-09-30,10.696442435991875,0.8196296290514112,2560504965486.0625,63963765754.13163,64098003102.58142,Moderate Risk
PFE,2017-12-31,12.619789161984494,1.1929691403967284,1428121265890.9768,34167504423.64013,370703961467.1493,Moderate Risk
PFE,2018-03-31,51.74438419451916,0.6246547526421793,1803361298248.6858,55154829690.22565,376615328969.9111,Moderate Risk
PFE,2018-06-30,12.897439295526953,0.382798343917543,2692437757602.0947,89893311723.12262,355967061841.64624,Low Risk
PFE,2018-09-30,6.784520641925117,0.9686896528588806,2283735640662.766,51846400451.691864,298939235280.47595,Moderate Risk
PFE,2018-12-31,1.8333148337639988,5.529228393943435,178393438634.03738,36638593515.8157,58775468692.28698,High Risk
PFE,2019-03-31,18.188546934355823,2.7312125511779675,1360258156944.318,501768483.6694732,183976654041.50317,High Risk
PFE,2019-06-30,7.206691103419525,0.47083473056441233,2368392921628.0547,82222699114.22278,427219450912.12103,Low Risk
PFE,2019-09-30,83.85942649662239,0.3583239367704658,2059144303408.6338,61872604110.74246,86674338722.52814,Low Risk
PFE,2019-12-31,9.525724332335374,1.1545931750496858,2577691698224.9033,18783066761.043194,45935096114.759254,Moderate Risk
PFE,2020-03-31,23.00079406675215,1.5765552432618872,2168644936745.534,30168622072.627,78074901369.13847,High Risk
PFE,2020-06-30,0.5353890527856909,1.339451760310517,365532935504.028,6059485677.322321,155115294404.76196,Moderate Risk
PFE,2020-09-30,21.917604093800037,1.1453422006070177,693637609017.8275,62406995490.747925,-2795587381.536172,Moderate Risk
PFE,2020-12-31,3.7712971187896356,0.7303584231932423,1120406577369.731,87936541935.4444,243647759395.65622,Moderate Risk
PFE,2021-03-31,10.652637361339181,0.6836940530805538,974827829829.0151,56315199696.84241,278368340121.8534,Moderate Risk
PFE,2021-06-30,13.354936541478695,2.128979621876252,1510016988120.314,3470447468.626357,191520729065.2874,High Risk
PFE,2021-09-30,16.483613326605468,0.3844451654739957,233320463448.8176,82187348373.28151,162652448931.48572,Low Risk
PFE,2021-12-31,35.32755896629467,1.049310034099875,1017307392999.6743,61507299516.63292,44236841271.757645,Moderate Risk
PFE,2022-03-31,9.320701904004602,0.18360313291325464,1256293994689.5347,48857749446.64885,163931570399.9454,Low Risk
PFE,2022-06-30,10.83302803762182,0.33063863966423157,1355911267845.1077,50960678749.75837,280550898568.1859,Low Risk
PFE,2022-09-30,17.73429326724012,3.1824867019778744,852252155704.156,36118708657.36998,368444115412.54004,High Risk
PFE,2022-12-31,7.243245062961537,1.2028565283249395,2676139285856.823,85485887872.53783,64742095691.60054,Moderate Risk
MRK,2012-03-31,1.0159915102279797,2.6142117944464194,41518000000.0,7067000000.0,363706811618.2003,High Risk
MRK,2012-06-30,1.0159915102279797,2.6142117944464194,41518000000.0,7067000000.0,176605885135.57346,High Risk
MRK,2012-09-30,1.0159915102279797,2.6142117944464194,41518000000.0,7067000000.0,4894742352.012381,High Risk
MRK,2012-12-31,1.0159915102279797,2.6142117944464194,41518000000.0,7067000000.0,150887367203.95197,High Risk
MRK,2013-03-31,1.0159915102279797,2.6142117944464194,41518000000.0,7067000000.0,46825919282.23925,High Risk
MRK,2013-06-30,1.0159915102279797,2.6142117944464194,41518000000.0,7067000000.0,180808594936.80582,High Risk
MRK,2013-09-30,1.0159915102279797,2.6142117944464194,41518000000.0,7067000000.0,268225966988.83173,High Risk
MRK,2013-12-31,1.0159915102279797,2.6142117944464194,41518000000.0,7067000000.0,413836067798.89655,High Risk
MRK,2014-03-31,1.0159915102279797,2.6142117944464194,41518000000.0,7067000000.0,57064751131.36628,High Risk
MRK,2014-06-30,1.0159915102279797,2.6142117944464194,41518000000.0,7067000000.0,260465077103.7678,High Risk
MRK,2014-09-30,1.0159915102279797,2.6142117944464194,41518000000.0,7067000000.0,497417287626.9058,High Risk
MRK,2014-12-31,1.0159915102279797,2.6142117944464194,41518000000.0,7067000000.0,60083846057.59126,High Risk
MRK,2015-03-31,1.0159915102279797,2.6142117944464194,41518000000.0,7067000000.0,200009640553.75894,High Risk
MRK,2015-06-30,1.0159915102279797,2.6142117944464194,41518000000.0,7067000000.0,71561117134.01138,High Risk
MRK,2015-09-30,1.0159915102279797,2.6142117944464194,41518000000.0,7067000000.0,235919252134.81512,High Risk
MRK,2015-12-31,1.0159915102279797,2.6142117944464194,41518000000.0,7067000000.0,486940405839.3968,High Risk
MRK,2016-03-31,1.0159915102279797,2.6142117944464194,41518000000.0,7067000000.0,141098977260.97015,High Risk
MRK,2016-06-30,1.0159915102279797,2.6142117944464194,41518000000.0,7067000000.0,240547802707.4003,High Risk
MRK,2016-09-30,1.0159915102279797,2.6142117944464194,41518000000.0,7067000000.0,346991810213.2005,High Risk
MRK,2016-12-31,1.0159915102279797,2.6142117944464194,41518000000.0,7067000000.0,38248557503.761856,High Risk
MRK,2017-03-31,1.0159915102279797,2.6142117944464194,41518000000.0,7067000000.0,467474751143.8836,High Risk
MRK,2017-06-30,1.0159915102279797,2.6142117944464194,41518000000.0,7067000000.0,389463065228.75226,High Risk
MRK,2017-09-30,1.0159915102279797,2.6142117944464194,41518000000.0,7067000000.0,330475373694.5439,High Risk
MRK,2017-12-31,1.0159915102279797,2.6142117944464194,41518000000.0,7067000000.0,275042708574.3506,High Risk
MRK,2018-03-31,1.0159915102279797,2.6142117944464194,41518000000.0,7067000000.0,33496303687.190872,High Risk
MRK,2018-06-30,1.0159915102279797,2.6142117944464194,41518000000.0,7067000000.0,163129528061.91336,High Risk
MRK,2018-09-30,1.0159915102279797,2.6142117944464194,41518000000.0,7067000000.0,54181053208.113144,High Risk
MRK,2018-12-31,1.0159915102279797,2.6142117944464194,41518000000.0,7067000000.0,270015442352.72467,High Risk
MRK,2019-03-31,1.0159915102279797,2.6142117944464194,41518000000.0,7067000000.0,248308874719.27097,High Risk
MRK,2019-06-30,1.0159915102279797,2.6142117944464194,41518000000.0,7067000000.0,382440506625.89606,High Risk
MRK,2019-09-30,1.0159915102279797,2.6142117944464194,41518000000.0,7067000000.0,119942839901.8411,High Risk
MRK,2019-12-31,1.0159915102279797,2.6142117944464194,41518000000.0,7067000000.0,481522949501.28406,High Risk
MRK,2020-03-31,1.0159915102279797,2.6142117944464194,41518000000.0,7067000000.0,60614250642.49959,High Risk
MRK,2020-06-30,1.0159915102279797,2.6142117944464194,41518000000.0,7067000000.0,221556558077.87833,High Risk
MRK,2020-09-30,1.0159915102279797,2.6142117944464194,41518000000.0,7067000000.0,421521392796.4966,High Risk
MRK,2020-12-31,1.0159915102279797,2.6142117944464194,41518000000.0,7067000000.0,497399630423.79926,High Risk
MRK,2021-03-31,1.0159915102279797,2.6142117944464194,41518000000.0,7067000000.0,278899772758.4622,High Risk
MRK,2021-06-30,1.0159915102279797,2.6142117944464194,41518000000.0,7067000000.0,310962476162.61505,High Risk
MRK,2021-09-30,1.0159915102279797,2.6142117944464194,41518000000.0,7067000000.0,371675216118.3275,High Risk
MRK,2021-12-31,1.0159915102279797,2.6142117944464194,41518000000.0,7067000000.0,9779553876.426336,High Risk
MRK,2022-03-31,1.0159915102279797,2.6142117944464194,41518000000.0,7067000000.0,325610549061.62506,High Risk
MRK,2022-06-30,1.0159915102279797,2.6142117944464194,41518000000.0,7067000000.0,223265383654.38718,High Risk
MRK,2022-09-30,1.0159915102279797,2.6142117944464194,41518000000.0,7067000000.0,10012570690.271667,High Risk
MRK,2022-12-31,1.0159915102279797,2.6142117944464194,41518000000.0,7067000000.0,46271588637.96484,High Risk
CVX,2012-03-31,7.849742022639833,0.870992909718292,94471000000.0,-5543000000.0,403891215023.124,Moderate Risk
CVX,2012-06-30,8.455225042896513,2.491012506325263,94471000000.0,-5543000000.0,3433284547.397973,High Risk
CVX,2012-09-30,10.890144768812515,0.3997299996067891,94471000000.0,-5543000000.0,37556639300.840324,Low Risk
CVX,2012-12-31,13.766218626879166,0.5030360091181183,94471000000.0,-5543000000.0,357993640543.61285,Moderate Risk
CVX,2013-03-31,9.95418114604886,1.0028686012193235,94471000000.0,-5543000000.0,173036024851.87122,Moderate Risk
CVX,2013-06-30,1.1766616300380177,2.686355561323903,94471000000.0,-5543000000.0,373181307076.4718,High Risk
CVX,2013-09-30,7.721542902110911,0.5876370231231289,94471000000.0,-5543000000.0,11140544771.536,Moderate Risk
CVX,2013-12-31,14.989829869475564,1.3297850069926012,94471000000.0,-5543000000.0,231016428101.4917,Moderate Risk
CVX,2014-03-31,21.686613000941765,0.340943470529255,94471000000.0,-5543000000.0,118922366464.61925,Low Risk
CVX,2014-06-30,33.86911401784196,0.6519411771371413,94471000000.0,-5543000000.0,128063238799.25787,Moderate Risk
CVX,2014-09-30,10.785909766931233,1.3625431566210324,94471000000.0,-5543000000.0,265516112659.1897,Moderate Risk
CVX,2014-12-31,8.159915977021232,0.2012865195849676,94471000000.0,-5543000000.0,431267399332.173,Low Risk
CVX,2015-03-31,7.934963554798861,1.0213026730668207,94471000000.0,-5543000000.0,204957200184.71008,Moderate Risk
CVX,2015-06-30,71.45015408142312,0.08156334260850161,94471000000.0,-5543000000.0,39999910301.67962,Low Risk
CVX,2015-09-30,20.24849948999609,0.9908792404699979,94471000000.0,-5543000000.0,71508085195.93689,Moderate Risk
CVX,2015-12-31,9.004314514900484,0.0586470960915345,94471000000.0,-5543000000.0,118350904636.28986,Low Risk
CVX,2016-03-31,3.431822497411846,1.2788809180436855,94471000000.0,-5543000000.0,123195681593.25679,Moderate Risk
CVX,2016-06-30,0.20663078856465705,0.11793200701431852,94471000000.0,-5543000000.0,366112046838.23413,Low Risk
CVX,2016-09-30,4.095507858551413,1.5874751525483903,94471000000.0,-5543000000.0,274169548402.20874,High Risk
CVX,2016-12-31,14.514048425035616,13.232227479851153,94471000000.0,-5543000000.0,11657457130.183804,High Risk
CVX,2017-03-31,6.210358153111638,0.43976319423377946,94471000000.0,-5543000000.0,173344245646.37335,Low Risk
CVX,2017-06-30,9.872996074410189,0.7819215185083288,94471000000.0,-5543000000.0,81254062350.45067,Moderate Risk
CVX,2017-09-30,53.65571572125497,18.00130605626899,94471000000.0,-5543000000.0,113271663986.1501,High Risk
CVX,2017-12-31,9.45519857924898,0.06810180125682674,94471000000.0,-5543000000.0,413089584367.1407,Low Risk
CVX,2018-03-31,12.685928468223958,0.5665057012907672,94471000000.0,-5543000000.0,277983678111.1472,Moderate Risk
CVX,2018-06-30,7.781133056691987,0.149390202739968,94471000000.0,-5543000000.0,299367450007.0729,Low Risk
CVX,2018-09-30,22.17815665570848,7.812295737806891,94471000000.0,-5543000000.0,189667111133.95685,High Risk
CVX,2018-12-31,9.554647039715821,0.8351274192013082,94471000000.0,-5543000000.0,42901109990.00033,Moderate Risk
CVX,2019-03-31,3.5444376743440262,1.9638297179415687,94471000000.0,-5543000000.0,44805766209.47542,High Risk
CVX,2019-06-30,3.7515809274192193,0.10536571771095998,94471000000.0,-5543000000.0,69124435503.74408,Low Risk
CVX,2019-09-30,22.498905327343508,1.0615988103350928,94471000000.0,-5543000000.0,341142596993.8455,Moderate Risk
CVX,2019-12-31,28.75504835782032,7.198383542553034,94471000000.0,-5543000000.0,429706970795.83307,High Risk
CVX,2020-03-31,9.011530058835532,1.1770887122985831,94471000000.0,-5543000000.0,180223597604.31363,Moderate Risk
CVX,2020-06-30,2.34168113043486,1.3600844362678906,94471000000.0,-5543000000.0,405988750910.7738,Moderate Risk
CVX,2020-09-30,60.53499024737296,0.3259266679040054,94471000000.0,-5543000000.0,170955318506.27167,Low Risk
CVX,2020-12-31,8.743106236244005,0.46203589930388506,94471000000.0,-5543000000.0,302145385714.71387,Low Risk
CVX,2021-03-31,26.060621480891008,3.272774106393547,94471000000.0,-5543000000.0,46148819195.36745,High Risk
CVX,2021-06-30,8.570014314368311,0.30171649380182053,94471000000.0,-5543000000.0,145037759099.83795,Low Risk
CVX,2021-09-30,20.585579708454453,0.7172931018266678,94471000000.0,-5543000000.0,232575825231.6569,Moderate Risk
CVX,2021-12-31,6.811896160615888,0.01061076994391423,94471000000.0,-5543000000.0,463701282971.48175,Low Risk
CVX,2022-03-31,9.996677648212383,2.4257838994801153,94471000000.0,-5543000000.0,401612321230.5631,High Risk
CVX,2022-06-30,37.73584609015314,22.055641697913565,94471000000.0,-5543000000.0,23145584155.841087,High Risk
CVX,2022-09-30,14.021094482893544,0.6285166972226786,94471000000.0,-5543000000.0,289240379246.8088,Moderate Risk
CVX,2022-12-31,4.026173758974493,0.9222441137869616,94471000000.0,-5543000000.0,311648341116.3511,Moderate Risk
XOM,2012-03-31,0.7964977023934141,1.0729875914731148,178574000000.0,-22440000000.0,342852511089.5587,Moderate Risk
XOM,2012-06-30,0.7964977023934141,1.0729875914731148,178574000000.0,-22440000000.0,208252454048.40906,Moderate Risk
XOM,2012-09-30,0.7964977023934141,1.0729875914731148,178574000000.0,-22440000000.0,63288783908.58082,Moderate Risk
XOM,2012-12-31,0.7964977023934141,1.0729875914731148,178574000000.0,-22440000000.0,204997234465.8037,Moderate Risk
XOM,2013-03-31,0.7964977023934141,1.0729875914731148,178574000000.0,-22440000000.0,265348200209.20547,Moderate Risk
XOM,2013-06-30,0.7964977023934141,1.0729875914731148,178574000000.0,-22440000000.0,189034034128.481,Moderate Risk
XOM,2013-09-30,0.7964977023934141,1.0729875914731148,178574000000.0,-22440000000.0,34971110919.07122,Moderate Risk
XOM,2013-12-31,0.7964977023934141,1.0729875914731148,178574000000.0,-22440000000.0,83535731672.71922,Moderate Risk
XOM,2014-03-31,0.7964977023934141,1.0729875914731148,178574000000.0,-22440000000.0,298959977738.6916,Moderate Risk
XOM,2014-06-30,0.7964977023934141,1.0729875914731148,178574000000.0,-22440000000.0,413531973667.31683,Moderate Risk
XOM,2014-09-30,0.7964977023934141,1.0729875914731148,178574000000.0,-22440000000.0,309156970459.3975,Moderate Risk
XOM,2014-12-31,0.7964977023934141,1.0729875914731148,178574000000.0,-22440000000.0,54427858236.660545,Moderate Risk
XOM,2015-03-31,0.7964977023934141,1.0729875914731148,178574000000.0,-22440000000.0,445689109932.4688,Moderate Risk
XOM,2015-06-30,0.7964977023934141,1.0729875914731148,178574000000.0,-22440000000.0,214825473709.7922,Moderate Risk
XOM,2015-09-30,0.7964977023934141,1.0729875914731148,178574000000.0,-22440000000.0,133857226476.10135,Moderate Risk
XOM,2015-12-31,0.7964977023934141,1.0729875914731148,178574000000.0,-22440000000.0,343607257905.43036,Moderate Risk
XOM,2016-03-31,0.7964977023934141,1.0729875914731148,178574000000.0,-22440000000.0,423213929402.8112,Moderate Risk
XOM,2016-06-30,0.7964977023934141,1.0729875914731148,178574000000.0,-22440000000.0,14087792747.512215,Moderate Risk
XOM,2016-09-30,0.7964977023934141,1.0729875914731148,178574000000.0,-22440000000.0,33926298520.643944,Moderate Risk
XOM,2016-12-31,0.7964977023934141,1.0729875914731148,178574000000.0,-22440000000.0,399071763559.7078,Moderate Risk
XOM,2017-03-31,0.7964977023934141,1.0729875914731148,178574000000.0,-22440000000.0,384534933036.74634,Moderate Risk
XOM,2017-06-30,0.7964977023934141,1.0729875914731148,178574000000.0,-22440000000.0,36918458473.5872,Moderate Risk
XOM,2017-09-30,0.7964977023934141,1.0729875914731148,178574000000.0,-22440000000.0,12931812323.560867,Moderate Risk
XOM,2017-12-31,0.7964977023934141,1.0729875914731148,178574000000.0,-22440000000.0,442026616216.4659,Moderate Risk
XOM,2018-03-31,0.7964977023934141,1.0729875914731148,178574000000.0,-22440000000.0,3707515335.8954315,Moderate Risk
XOM,2018-06-30,0.7964977023934141,1.0729875914731148,178574000000.0,-22440000000.0,496749294323.75385,Moderate Risk
XOM,2018-09-30,0.7964977023934141,1.0729875914731148,178574000000.0,-22440000000.0,404798872845.0719,Moderate Risk
XOM,2018-12-31,0.7964977023934141,1.0729875914731148,178574000000.0,-22440000000.0,117053676479.15219,Moderate Risk
XOM,2019-03-31,0.7964977023934141,1.0729875914731148,178574000000.0,-22440000000.0,164670091786.90485,Moderate Risk
XOM,2019-06-30,0.7964977023934141,1.0729875914731148,178574000000.0,-22440000000.0,324631483283.48566,Moderate Risk
XOM,2019-09-30,0.7964977023934141,1.0729875914731148,178574000000.0,-22440000000.0,376658739672.7772,Moderate Risk
XOM,2019-12-31,0.7964977023934141,1.0729875914731148,178574000000.0,-22440000000.0,370742830266.5071,Moderate Risk
XOM,2020-03-31,0.7964977023934141,1.0729875914731148,178574000000.0,-22440000000.0,221120127595.92102,Moderate Risk
XOM,2020-06-30,0.7964977023934141,1.0729875914731148,178574000000.0,-22440000000.0,274614452125.1076,Moderate Risk
XOM,2020-09-30,0.7964977023934141,1.0729875914731148,178574000000.0,-22440000000.0,380699661367.5905,Moderate Risk
XOM,2020-12-31,0.7964977023934141,1.0729875914731148,178574000000.0,-22440000000.0,476005910470.2083,Moderate Risk
XOM,2021-03-31,0.7964977023934141,1.0729875914731148,178574000000.0,-22440000000.0,312191585912.446,Moderate Risk
XOM,2021-06-30,0.7964977023934141,1.0729875914731148,178574000000.0,-22440000000.0,117982442647.00545,Moderate Risk
XOM,2021-09-30,0.7964977023934141,1.0729875914731148,178574000000.0,-22440000000.0,9891776109.870226,Moderate Risk
XOM,2021-12-31,0.7964977023934141,1.0729875914731148,178574000000.0,-22440000000.0,80838867734.07393,Moderate Risk
XOM,2022-03-31,0.7964977023934141,1.0729875914731148,178574000000.0,-22440000000.0,378191242925.5538,Moderate Risk
XOM,2022-06-30,0.7964977023934141,1.0729875914731148,178574000000.0,-22440000000.0,128427391375.84427,Moderate Risk
XOM,2022-09-30,0.7964977023934141,1.0729875914731148,178574000000.0,-22440000000.0,92774782331.14554,Moderate Risk
XOM,2022-12-31,0.7964977023934141,1.0729875914731148,178574000000.0,-22440000000.0,245658687255.97766,Moderate Risk
BA,2012-03-31,9.658969566387142,0.9555434963888813,58158000000.0,-11941000000.0,280140808050.083,Moderate Risk
BA,2012-06-30,14.849493201987563,5.200731322101566,58158000000.0,-11941000000.0,384270746519.82886,High Risk
BA,2012-09-30,10.662976472104617,0.1939962229687314,58158000000.0,-11941000000.0,189750752827.08658,Low Risk
BA,2012-12-31,1.825691741922657,0.1983904952273112,58158000000.0,-11941000000.0,70695024857.17242,Low Risk
BA,2013-03-31,17.57049857195832,0.24802909528486736,58158000000.0,-11941000000.0,62902884672.509346,Low Risk
BA,2013-06-30,55.05843335391088,0.26233623117062904,58158000000.0,-11941000000.0,379617639876.0546,Low Risk
BA,2013-09-30,15.883588806532712,1.8568205372025237,58158000000.0,-11941000000.0,36413414816.8513,High Risk
BA,2013-12-31,0.9255249647256677,1.134496375325738,58158000000.0,-11941000000.0,152289288873.59982,Moderate Risk
BA,2014-03-31,22.88458374403663,72.64614108633918,58158000000.0,-11941000000.0,409598174951.57495,High Risk
BA,2014-06-30,122.72690408826392,1.2844426208799273,58158000000.0,-11941000000.0,6696780117.295891,Moderate Risk
BA,2014-09-30,16.595191972211484,1.0001022618743913,58158000000.0,-11941000000.0,201581422005.2061,Moderate Risk
BA,2014-12-31,8.489344089101758,1.903187782802456,58158000000.0,-11941000000.0,123321247193.04602,High Risk
BA,2015-03-31,14.586737513511254,0.025939667436996838,58158000000.0,-11941000000.0,464309290199.7316,Low Risk
BA,2015-06-30,15.78055200284605,0.6817571073450712,58158000000.0,-11941000000.0,144976523378.87192,Moderate Risk
BA,2015-09-30,19.859423714916197,1.711224575571888,58158000000.0,-11941000000.0,408336704415.54663,High Risk
BA,2015-12-31,3.025787280444284,2.5894988305302475,58158000000.0,-11941000000.0,97379023590.9924,High Risk
BA,2016-03-31,6.751013915886219,2.033946813227506,58158000000.0,-11941000000.0,314731725660.7059,High Risk
BA,2016-06-30,12.708128241071417,0.8533070367034403,58158000000.0,-11941000000.0,464457802170.9114,Moderate Risk
BA,2016-09-30,14.27085124067257,0.4482867321413003,58158000000.0,-11941000000.0,184185974183.20752,Low Risk
BA,2016-12-31,2.6154051000111482,0.613210630001021,58158000000.0,-11941000000.0,432070789486.8453,Moderate Risk
BA,2017-03-31,3.8774756686008724,0.18380180153651968,58158000000.0,-11941000000.0,19877848868.038807,Low Risk
BA,2017-06-30,11.173093607459005,12.227949911518074,58158000000.0,-11941000000.0,296108495532.25116,High Risk
BA,2017-09-30,11.485561805634722,1.030588986266897,58158000000.0,-11941000000.0,397745627490.9312,Moderate Risk
BA,2017-12-31,6.610552271135685,1.4513120275376108,58158000000.0,-11941000000.0,173214599819.7666,Moderate Risk
BA,2018-03-31,394.43121644517134,0.3489992746916297,58158000000.0,-11941000000.0,349661399309.2076,Low Risk
BA,2018-06-30,11.722753680127974,0.08303463605969871,58158000000.0,-11941000000.0,187261240229.41156,Low Risk
BA,2018-09-30,0.9015320453144571,0.6914087468865558,58158000000.0,-11941000000.0,134068506956.62885,Moderate Risk
BA,2018-12-31,10.86823785838897,0.9224221003429525,58158000000.0,-11941000000.0,42496022558.125786,Moderate Risk
BA,2019-03-31,19.483638733869576,0.06172931470421515,58158000000.0,-11941000000.0,411463316422.90283,Low Risk
BA,2019-06-30,1.0572253327205055,3.564335701436447,58158000000.0,-11941000000.0,92920012054.91533,High Risk
BA,2019-09-30,8.122434251289153,2.4597735876202504,58158000000.0,-11941000000.0,400442686740.71387,High Risk
BA,2019-12-31,71.46685697193656,0.42373582909610835,58158000000.0,-11941000000.0,278509978377.53625,Low Risk
BA,2020-03-31,16.177520838651663,1.56862312592271,58158000000.0,-11941000000.0,367271265486.899,High Risk
BA,2020-06-30,18.178469861537806,2.6088052080061797,58158000000.0,-11941000000.0,492550382925.41144,High Risk
BA,2020-09-30,40.338235993643565,0.32991501143889157,58158000000.0,-11941000000.0,198422353929.35306,Low Risk
BA,2020-12-31,6.06854020727925,0.5061638596278448,58158000000.0,-11941000000.0,431200200851.1558,Moderate Risk
BA,2021-03-31,10.750000456603662,1.8755219274852803,58158000000.0,-11941000000.0,170714535281.83502,High Risk
BA,2021-06-30,11.25507535135057,1.2742845675919219,58158000000.0,-11941000000.0,294731366962.2979,Moderate Risk
BA,2021-09-30,28.751631283178416,0.14683316818907172,58158000000.0,-11941000000.0,290310105791.92456,Low Risk
BA,2021-12-31,49.64170043162316,23.070863448365635,58158000000.0,-11941000000.0,170852104288.2695,High Risk
BA,2022-03-31,9.202215155096928,0.7222080234320912,58158000000.0,-11941000000.0,413053717411.8249,Moderate Risk
BA,2022-06-30,18.475426851388665,0.8664513451785187,58158000000.0,-11941000000.0,298269680529.72864,Moderate Risk
BA,2022-09-30,512.4434022928565,5.492894537305493,58158000000.0,-11941000000.0,125957310810.51335,High Risk
BA,2022-12-31,1.7128003516640258,6.791780344861682,58158000000.0,-11941000000.0,276253534270.5135,High Risk
MCD,2012-03-31,4.38401759940249,3.1834883871791253,221269345734.61523,68571541898.97096,197642979287.863,High Risk
MCD,2012-06-30,25.16533529783009,2.0713031070034917,1887447030262.724,13719624086.18903,227065121321.3439,High Risk
MCD,2012-09-30,1.2285391823293206,0.03858977248133571,229139346197.38107,67747693836.540405,473861189979.5463,Low Risk
MCD,2012-12-31,12.314236405830599,0.1598664236201602,1404485348472.353,70601968130.66806,-1557532895.5666738,Low Risk
MCD,2013-03-31,7.961599695312786,2.334461920516543,2440567847102.9526,29021166521.70134,130901313904.83743,High Risk
MCD,2013-06-30,77.28433028342235,0.6436324239189665,108870508672.20438,20685153040.667816,304803056656.0883,Moderate Risk
MCD,2013-09-30,7.845148007042921,0.41672164490957747,439761062582.1687,30977974711.637794,413099072701.9479,Low Risk
MCD,2013-12-31,121.41618532082032,1.1623178444698092,1815039748535.922,7713235358.628927,237431728961.31464,Moderate Risk
MCD,2014-03-31,52.571624834509336,1.939758489047287,309808161871.8799,53899068979.03882,63668045292.38571,High Risk
MCD,2014-06-30,8.531878347075528,2.633879472933925,2822254897760.731,48394519839.36931,421436190710.6862,High Risk
MCD,2014-09-30,9.5425233567361,0.044666283231544604,2238261724813.88,72435755638.34496,303932011150.8131,Low Risk
MCD,2014-12-31,6.169160510542367,2.4228516106032125,1833656765851.414,11715550079.35892,328248200355.44055,High Risk
MCD,2015-03-31,2.4856430814895725,2.162195074937702,2867846046642.1143,29263033066.20149,147091856533.17987,High Risk
MCD,2015-06-30,10.995021398268626,0.018651437010995506,905515831995.1018,84022111305.6236,285558035639.2631,Low Risk
MCD,2015-09-30,8.047056955073058,2.2351346529475795,998159003338.8428,27911063286.46466,-4809784795.2590475,High Risk
MCD,2015-12-31,15.660466200775488,2.411140264496093,1012385666080.0693,93081486789.73735,153565682324.54187,High Risk
MCD,2016-03-31,12.821411460656254,0.7378799442307149,1914794393147.1887,48380321764.52186,319285342163.32513,Moderate Risk
MCD,2016-06-30,11.956653102364578,2.1335118988153394,2281033972484.57,11452441500.125488,197662720025.9405,High Risk
MCD,2016-09-30,50.81100332357724,6.6763745918927215,696002165725.4026,-187084523.5871302,248120623934.68433,High Risk
MCD,2016-12-31,11.313302240334158,0.7735885233373808,616859771702.2443,12169952582.893269,177475446200.76373,Moderate Risk
MCD,2017-03-31,31.444290374970038,0.06182414505681946,899995526986.9551,37602069383.279465,106457425756.57396,Low Risk
MCD,2017-06-30,11.324041752248572,0.3663033662860562,2625292357674.406,28017525456.260674,135123028221.84854,Low Risk
MCD,2017-09-30,5.33896974080323,2.8745612470516413,2091345061847.7043,751412688.9471262,157666226265.09903,High Risk
MCD,2017-12-31,2.878451573555925,23.176811985083553,1269138105833.9336,77016257179.3171,229887162715.06943,High Risk
MCD,2018-03-31,1.7366074256560686,0.9067443643423821,1391641441114.8376,14890445548.743479,420482911842.12463,Moderate Risk
MCD,2018-06-30,0.6014035570039222,0.34912659470054114,1306895506055.6167,96045822558.60866,374814890158.2057,Low Risk
MCD,2018-09-30,21.88398156243781,0.09391229461472597,227703949717.3486,81239020151.92982,217451020567.49136,Low Risk
MCD,2018-12-31,18.003175052966398,0.5899046222138496,2417207369876.1924,49171932169.149536,381796580047.02496,Moderate Risk
MCD,2019-03-31,7.101560441742638,0.04430868531398592,2696593273552.8267,38148662920.96675,398415246024.5541,Low Risk
MCD,2019-06-30,10.45650077723333,2.854115649071785,673034342637.8064,57484757469.71771,458614428055.3787,High Risk
MCD,2019-09-30,8.829230115108572,1.3159763913968325,1822114570287.6602,73454245978.30345,134319279251.47607,Moderate Risk
MCD,2019-12-31,5.669385492194309,2.050726335287943,2193758283156.5183,1595553321.2240915,295220482207.3212,High Risk
MCD,2020-03-31,32.89379557929351,0.49655137908573305,2437122070377.38,89511866798.40117,458517216300.553,Low Risk
MCD,2020-06-30,1.7591416218566733,1.6424351491685512,1983034774290.8538,40965070749.74402,379615012452.60913,High Risk
MCD,2020-09-30,18.850183006860902,0.9662371351421889,2993517437827.9414,52828651840.79707,88500080320.15503,Moderate Risk
MCD,2020-12-31,13.905775410930802,2.0723843725654274,1675857570711.6565,7722249645.583506,234442468927.1387,High Risk
MCD,2021-03-31,10.734396019979084,4.779739585724333,807683403389.8552,79945777630.27895,152891568137.19278,High Risk
MCD,2021-06-30,0.2877712620837934,1.4901250683841314,2833861375822.5903,31807675566.889984,263413434151.60526,Moderate Risk
MCD,2021-09-30,62.71112926713975,14.624513121567135,2691062754277.034,94865432081.87416,148803753214.45975,High Risk
MCD,2021-12-31,3.2092690370069143,9.772404112422054,2071478593709.1946,67238973876.27169,448062189684.26215,High Risk
MCD,2022-03-31,9.08279237399514,0.800332442458968,1589161356219.375,24902967841.688965,250494059234.32495,Moderate Risk
MCD,2022-06-30,9.721757072709043,2.6726146243293485,2525487941927.6484,15406032434.141006,444696643254.60034,High Risk
MCD,2022-09-30,8.641015284056405,12.03922250069099,1896252384298.497,43559888149.88142,15391529906.396713,High Risk
MCD,2022-12-31,23.551641935878177,0.24028156655438704,1270782826022.032,19344445856.686546,162149424193.61426,Low Risk
IBM,2012-03-31,6.765506630361957,0.6201822378809336,2377397970286.4136,86973945006.924,51078235480.44409,Moderate Risk
IBM,2012-06-30,13.016058348269562,0.302207044489295,1565379529106.3289,10635605938.17539,240906181882.5162,Low Risk
IBM,2012-09-30,13.05064601240119,0.25779729611384117,739696446284.8442,85389488898.69525,469580955275.2965,Low Risk
IBM,2012-12-31,0.8154684176114434,1.6557699244083235,2445185111805.0923,14731257558.65759,109021287251.92964,High Risk
IBM,2013-03-31,3.90692685516799,0.0697418974639437,1860959935306.682,40899142683.67161,212850422957.1663,Low Risk
IBM,2013-06-30,0.2500828820502793,1.4711419179807286,1580626135112.6267,6397209140.85548,409895757929.80664,Moderate Risk
IBM,2013-09-30,18.07839613146324,0.898247716997568,681342856099.0111,42157775993.94197,293041559028.8907,Moderate Risk
IBM,2013-12-31,11.405682658080638,1.0554881548171797,417477358204.6285,85035469844.49115,114245420083.69527,Moderate Risk
IBM,2014-03-31,6.042261211548679,0.29362841616580254,1488013930750.751,91475554732.20284,390942740216.9109,Low Risk
IBM,2014-06-30,9.997387639006512,0.34412645038757117,940045356339.0059,12440692474.601278,121588703216.17218,Low Risk
IBM,2014-09-30,10.936216273451894,0.4941651321092072,1538394959999.404,37090035895.1687,291678242311.64026,Low Risk
IBM,2014-12-31,19.792427094373593,1.211514810220994,754492746003.4066,71200310021.6138,48545606994.41602,Moderate Risk
IBM,2015-03-31,3.733955474841544,0.8957199402018179,2700359656392.5303,19069413426.321278,341282935054.4665,Moderate Risk
IBM,2015-06-30,12.02388446328621,1.4220116155497113,1976260081493.552,1702495408.600191,359245406780.64514,Moderate Risk
IBM,2015-09-30,12.81838430869935,11.50522734074029,2994809089274.7905,29532866409.611786,251685681295.50565,High Risk
IBM,2015-12-31,71.40375842983275,1.583411715471791,1650125866709.0117,76166489985.7994,204492508887.59067,High Risk
IBM,2016-03-31,5.017291541595282,1.6293226731561965,1471795083176.3215,40262400834.259415,497113328871.6752,High Risk
IBM,2016-06-30,15.452708008972872,4.6658642508553125,2611006118776.048,13565401563.618385,105088412456.47197,High Risk
IBM,2016-09-30,63.06860048515718,0.039588522852913276,494757291358.99725,87668319373.37727,127556929034.14401,Low Risk
IBM,2016-12-31,12.201324875819754,6.669046130797456,1432368042115.4944,50317965124.10766,51435578873.420074,High Risk
IBM,2017-03-31,7.8943767549045685,1.831770480377832,1731931741951.8928,66533521589.7971,296195344950.33636,High Risk
IBM,2017-06-30,6.378775053146463,1.1273612528881298,2461342367884.892,9459060857.103622,223683669369.00433,Moderate Risk
IBM,2017-09-30,1.6586821644176375,1.4242232779432258,2874788869665.648,53324031980.95406,284569602839.5142,Moderate Risk
IBM,2017-12-31,6.557300588265513,1.647069827167641,2836072783399.6113,60532340709.80597,209540903930.5991,High Risk
IBM,2018-03-31,24.7353881496375,10.608194745497256,2365881335207.8247,43518765207.75321,39072162311.37187,High Risk
IBM,2018-06-30,9.871625471229084,0.8215472114866711,28896363361.02501,74389183629.59758,184319622029.2406,Moderate Risk
IBM,2018-09-30,1.2221147356025435,0.28143539529516903,1322532448488.7273,45068445700.43212,217710618754.41852,Low Risk
IBM,2018-12-31,7.072622561335405,2.2904098383081357,2965611820305.63,49464491699.56925,403671619993.7893,High Risk
IBM,2019-03-31,24.37229159061135,1.1872066121361955,448257266011.50696,25472221242.211487,494652509610.3932,Moderate Risk
IBM,2019-06-30,4.045126569178386,0.037016757890127545,680025519757.0538,34450483795.082634,309088639778.33856,Low Risk
IBM,2019-09-30,26.927221734384343,0.26511618323107616,682150117034.9772,69317229311.0403,64662829578.60089,Low Risk
IBM,2019-12-31,11.245823262387725,0.22621859782746045,1476916899645.7856,83108392798.23503,274829167439.2121,Low Risk
IBM,2020-03-31,31.38780727513634,0.22109458623159856,730788525949.5842,367085121.3410125,188058048645.96207,Low Risk
IBM,2020-06-30,4.531604340551141,0.08587985703354051,1509065566053.6345,47864692432.16561,459152731121.7159,Low Risk
IBM,2020-09-30,1.780923343708707,24.562785144000575,2369382243436.256,54563942337.271645,486876661283.9977,High Risk
IBM,2020-12-31,19.728319419447146,0.31292865083948657,2407633152913.451,55866215344.0097,194448020551.89862,Low Risk
IBM,2021-03-31,5.577223203724124,1.3764184450298365,1652644379063.475,29736209823.984093,492089621635.78894,Moderate Risk
IBM,2021-06-30,59.55698985404093,2.9791517131014933,2720916966068.7974,36659506652.09252,427263156083.0086,High Risk
IBM,2021-09-30,8.460179639684194,0.8922240830630063,2163071224383.2603,81482125446.53725,420345334764.614,Moderate Risk
IBM,2021-12-31,7.901951508871091,4.51024139735272,2231666867473.4673,54903992086.30203,144179348759.79147,High Risk
IBM,2022-03-31,17.112802598213904,0.7007432238987348,276918676372.8135,99045018682.26312,363028899532.86566,Moderate Risk
IBM,2022-06-30,14.80425301768441,1.0629896761454323,1563812431508.1353,1380329974.3438725,121658314579.13507,Moderate Risk
IBM,2022-09-30,4.988902295810922,2.881947226884681,2267891386020.915,69247969910.9758,118687796353.77618,High Risk
IBM,2022-12-31,0.10636695842169007,1.2716284208124755,2313003024839.7036,67171772647.17917,238386593651.81992,Moderate Risk
GS,2012-03-31,10.233327045663081,11.123462452570571,2788173449570.967,89848721869.58386,302601476296.1853,High Risk
GS,2012-06-30,33.879470404918955,11.123462452570571,1607461878045.3997,50697607348.91749,377926474069.9025,High Risk
GS,2012-09-30,5.59299219179434,11.123462452570571,1644246579272.4495,4063107524.053632,300139958941.32117,High Risk
GS,2012-12-31,8.194021208636743,11.123462452570571,2911813910688.59,57709204437.22707,25478839421.87594,High Risk
GS,2013-03-31,12.66451381705894,11.123462452570571,1519567552574.3838,50565611307.188675,243917179189.19385,High Risk
GS,2013-06-30,8.137518145749599,11.123462452570571,2618821447618.9146,8560810927.708172,424387578785.027,High Risk
GS,2013-09-30,7.0327961338811695,11.123462452570571,1352936761226.5627,83518167026.39528,181197375969.0339,High Risk
GS,2013-12-31,12.818731326047095,11.123462452570571,2822777025352.929,72320879449.97511,394033970778.8751,High Risk
GS,2014-03-31,14.312132904835888,11.123462452570571,2519633377657.0493,20416660662.56077,197832830530.36758,High Risk
GS,2014-06-30,3.388849098415739,11.123462452570571,2703253076313.4917,51260962899.609276,419077603771.4908,High Risk
GS,2014-09-30,5.147696077831485,11.123462452570571,1662296025498.5151,20536046675.82825,204403041076.8389,High Risk
GS,2014-12-31,0.6450020327190298,11.123462452570571,2476931551916.4053,90964481856.46014,335709051282.9126,High Risk
GS,2015-03-31,6.499107590238004,11.123462452570571,12889356431.575165,25203749292.351875,288757550622.7484,High Risk
GS,2015-06-30,15.601716832061443,11.123462452570571,2345418085181.8364,92906761637.81815,393761233799.7493,High Risk
GS,2015-09-30,121.06066052049674,11.123462452570571,57460562806.08267,7043307108.890537,229500519098.12555,High Risk
GS,2015-12-31,12.463957001842392,11.123462452570571,218592128171.92508,95516150896.86754,267964578407.32797,High Risk
GS,2016-03-31,49.90017061302756,11.123462452570571,1868989194198.2896,60698004061.691185,289697408906.56555,High Risk
GS,2016-06-30,32.62321224935489,11.123462452570571,2977334180722.5786,30487792153.692314,443793376242.4825,High Risk
GS,2016-09-30,9.76988073236996,11.123462452570571,108142676861.21585,11541393390.216368,279049921299.5339,High Risk
GS,2016-12-31,21.325760801058426,11.123462452570571,574758491572.1813,90253982291.38835,322684715508.044,High Risk
GS,2017-03-31,1.1662901250937174,11.123462452570571,2805906062852.2197,44346721972.30478,258894303889.90186,High Risk
GS,2017-06-30,19.77279775924356,11.123462452570571,2110781425492.8757,97208286922.59802,33693276595.797592,High Risk
GS,2017-09-30,12.21759876242971,11.123462452570571,2871599843516.073,18873594871.902508,237590477747.64404,High Risk
GS,2017-12-31,0.22234759452866865,11.123462452570571,2573121291353.826,10612236329.46582,126539529973.95999,High Risk
GS,2018-03-31,7.943542142412661,11.123462452570571,125751421055.23158,16429310108.786297,134674185877.15387,High Risk
GS,2018-06-30,2.9146913512376154,11.123462452570571,971822054396.362,69561692798.48152,296529341062.7065,High Risk
GS,2018-09-30,7.341308039955722,11.123462452570571,907530545172.8013,728114462.7608526,399521992481.226,High Risk
GS,2018-12-31,166.92975102325252,11.123462452570571,2806891957903.318,49984746475.08099,388084108328.96747,High Risk
GS,2019-03-31,3.1509628329077453,11.123462452570571,922646610008.8125,31410024541.22208,267599118486.381,High Risk
GS,2019-06-30,4.184800796915055,11.123462452570571,1831270955042.8176,48429860457.61183,260720827040.79562,High Risk
GS,2019-09-30,191.64893075097152,11.123462452570571,842311961110.8541,99107466268.26413,97492670732.30766,High Risk
GS,2019-12-31,2.347935904778204,11.123462452570571,747807621662.8038,19161869124.946262,327423078236.0869,High Risk
GS,2020-03-31,6.255340411604496,11.123462452570571,1515195851175.349,36201803292.242615,120412780943.60818,High Risk
GS,2020-06-30,21.49678974732389,11.123462452570571,171333455381.00842,83434554232.55663,191762914611.0557,High Risk
GS,2020-09-30,11.36294316120451,11.123462452570571,1858772569568.9907,31397272246.54895,221854329728.0153,High Risk
GS,2020-12-31,10.635821103125435,11.123462452570571,561599546668.3303,62025938163.752,387229163728.05725,High Risk
GS,2021-03-31,6.812365823391191,11.123462452570571,1893699000962.8645,62081377935.05564,121359318382.75908,High Risk
GS,2021-06-30,4.638338478234666,11.123462452570571,794096881446.6162,93710304996.97734,419463357570.56274,High Risk
GS,2021-09-30,14.104429389551965,11.123462452570571,190649157937.87576,52062327689.72149,84425233322.65157,High Risk
GS,2021-12-31,1.445577631620871,11.123462452570571,376801185938.9043,13629884292.922512,426692657468.05133,High Risk
GS,2022-03-31,0.18055355651868846,11.123462452570571,1480491138166.7805,19601498412.341835,272656284710.6095,High Risk
GS,2022-06-30,11.445059499521179,11.123462452570571,1259459010184.2905,75583149487.15593,355352067799.62775,High Risk
GS,2022-09-30,12.023615635711506,11.123462452570571,2857452539835.6167,11785299438.169868,183285884513.31055,High Risk
GS,2022-12-31,1.1582061274445665,11.123462452570571,863241325236.8054,49232932550.459335,292337897326.6628,High Risk
CAT,2012-03-31,10.447328617053243,3.7614441979739657,1506341192927.2588,16054568619.411654,194971199571.54428,High Risk
CAT,2012-06-30,12.643355308216902,0.27545231155105626,1171325414912.618,86818135729.34267,201149917161.19122,Low Risk
CAT,2012-09-30,5.6187358241930445,0.9645695508967114,2134532702829.0847,28153386630.181572,310444375477.19403,Moderate Risk
CAT,2012-12-31,2.3683446576094798,1.2702607027148825,564814871133.2579,77137973820.8505,117114198248.38165,Moderate Risk
CAT,2013-03-31,4.97556103673717,0.882577001223608,1821174132058.4807,89985781487.17172,398404802626.12854,Moderate Risk
CAT,2013-06-30,9.446465872106083,8.696780703010592,2311150987794.1177,77536472265.96936,230571420530.97607,High Risk
CAT,2013-09-30,12.764368376523983,1.937682733511966,1135457959165.077,22597855232.53535,206138559463.66385,High Risk
CAT,2013-12-31,0.4317337004454708,0.6182956297821716,770928236051.2666,24489916774.85893,468172435201.21643,Moderate Risk
CAT,2014-03-31,4.82996800054169,1.0147737900195066,2559048478144.9004,2032383726.7767344,389514365030.4716,Moderate Risk
CAT,2014-06-30,10.095546547611304,1.018097286938609,556375071109.1072,56490788489.22392,224529628714.79956,Moderate Risk
CAT,2014-09-30,11.122030530580194,1.3630475179869321,1136219938340.8374,3001260982.739037,446402286040.39386,Moderate Risk
CAT,2014-12-31,16.14579870801225,0.3352600992803435,2485980830712.052,47788449049.30701,439292152898.98517,Low Risk
CAT,2015-03-31,6.7456087406414,0.5927141885042142,1855351668581.3054,93350038631.22159,497477803911.4651,Moderate Risk
CAT,2015-06-30,7.777008244250096,0.9560878147745776,2608280481773.243,81532457048.92622,368892701416.99744,Moderate Risk
CAT,2015-09-30,6.314363480291745,0.26477287805138683,388557528072.91516,86676493835.1669,53487980127.55831,Low Risk
CAT,2015-12-31,27.911989116542685,1.0787016021402058,667496669437.1051,3137802900.210379,84026425287.82512,Moderate Risk
CAT,2016-03-31,8.617775849570798,0.2964372570438132,680990603131.7921,66206092198.41409,145765715487.49905,Low Risk
CAT,2016-06-30,6.7092122285469165,0.09409324889054971,1410140400789.282,43527380290.52388,11392042108.028894,Low Risk
CAT,2016-09-30,34.54242236782472,2.600800425716263,2923859872199.4546,97661054264.51057,177891995348.31482,High Risk
CAT,2016-12-31,88.37113304144471,3.9898814319010376,1447851780400.3167,12680258189.598717,56702087560.078384,High Risk
CAT,2017-03-31,4.216456611440446,0.6001575572439695,1583010702907.1367,15934537221.43457,328560599756.58826,Moderate Risk
CAT,2017-06-30,12.860995216568062,0.7265399696980713,2437501282132.148,99460205867.8943,147033070598.7736,Moderate Risk
CAT,2017-09-30,621.6826646147964,2.3501006623016463,387343585091.3722,61528697766.33454,12964775040.608635,High Risk
CAT,2017-12-31,26.41407790267162,0.19552910194475562,2193945271184.562,30315927734.85321,468921657746.22455,Low Risk
CAT,2018-03-31,11.750218817080928,1.4584318286029767,589324079999.9924,57107945263.784744,23807547765.18977,Moderate Risk
CAT,2018-06-30,70.21878481248159,1.1006233646856738,2896617377898.3247,88178888739.15842,146270499139.77618,Moderate Risk
CAT,2018-09-30,51.02103444908831,0.42321098511046124,2439180453237.373,62681011774.058754,230206232011.01926,Low Risk
CAT,2018-12-31,9.3634904970784,0.5493321500238184,1474307835934.3762,14035906885.069733,151454194640.76404,Moderate Risk
CAT,2019-03-31,0.9533715555124657,0.9181601041820776,2573150952697.89,31755143842.31659,325218169658.1096,Moderate Risk
CAT,2019-06-30,2.993066694864303,3.7807700077075213,2569942105528.2915,2115842900.0900083,34824652942.80255,High Risk
CAT,2019-09-30,4.813354340289833,10.522588464070527,2462463553704.499,34574226847.93785,10088857149.474886,High Risk
CAT,2019-12-31,7.608065645634683,0.9102807594932034,811843745818.0065,26127293988.551636,73919863777.52507,Moderate Risk
CAT,2020-03-31,5.254704349463746,2.417280043323065,2688822965772.417,4133517479.7913265,2190549202.316496,High Risk
CAT,2020-06-30,50.730768364051485,5.113933764255498,1907141728917.8008,53033672979.85124,481736410056.85895,High Risk
CAT,2020-09-30,13.71187372696585,2.777127541043968,914418181842.2122,14924875174.730423,202990961291.3015,High Risk
CAT,2020-12-31,65.68251864360982,0.28856155341453626,1593004288006.1724,2896978251.686011,236141143187.84763,Low Risk
CAT,2021-03-31,4.926100369367997,0.2708013680462583,2199393595828.609,36002979823.57905,108817469929.31985,Low Risk
CAT,2021-06-30,14.322956317946257,0.2323582249434273,2955198637089.3647,48385471576.19326,197721740882.59018,Low Risk
CAT,2021-09-30,46.06926396071511,9.295041715793086,927650816534.6941,25778485657.59086,21920650024.801308,High Risk
CAT,2021-12-31,14.274549696228165,1.2142646373240202,1828640378362.7256,61458827084.820206,233285252194.3785,Moderate Risk
CAT,2022-03-31,12.046451769837983,0.034844084952020474,2999445334896.15,66178455048.5592,172790802775.4537,Low Risk
CAT,2022-06-30,5.810090998272417,1.7619028462951718,2604359238870.5283,8315153573.102921,278654160812.9331,High Risk
CAT,2022-09-30,14.783336454723726,0.09513652543732391,2516587535616.37,20116633910.80294,345127565948.00085,Low Risk
CAT,2022-12-31,9.877628048682164,0.6682472471539355,61593699964.69954,74651126431.00658,355593196583.0251,Moderate Risk
MMM,2012-03-31,104.50161149657144,1.2113935685300432,32184000000.0,5449000000.0,283300110819.2169,Moderate Risk
MMM,2012-06-30,11.420888357960722,0.29285386044104367,32184000000.0,5449000000.0,255471865686.26038,Low Risk
MMM,2012-09-30,30.66846816541597,0.9928766841393717,32184000000.0,5449000000.0,288188187923.8118,Moderate Risk
MMM,2012-12-31,4.214718494403668,0.06388103923528528,32184000000.0,5449000000.0,383912353488.5084,Low Risk
MMM,2013-03-31,9.784322174578607,1.6298136031473085,32184000000.0,5449000000.0,8181078668.63599,High Risk
MMM,2013-06-30,4.795412482183312,0.4387082393059577,32184000000.0,5449000000.0,77323447275.15378,Low Risk
MMM,2013-09-30,7.947156278533939,1.1015673235560421,32184000000.0,5449000000.0,400928367660.3635,Moderate Risk
MMM,2013-12-31,1.1738189047030931,1.2036995084552182,32184000000.0,5449000000.0,455165182560.64667,Moderate Risk
MMM,2014-03-31,15.074489533041293,5.52515935381711,32184000000.0,5449000000.0,136233537177.10153,High Risk
MMM,2014-06-30,11.47706112914305,5.7613103649240305,32184000000.0,5449000000.0,82701216672.20317,High Risk
MMM,2014-09-30,17.642170179441578,0.721566832220089,32184000000.0,5449000000.0,277717581917.8498,Moderate Risk
MMM,2014-12-31,72.6468981544069,14.50331258065428,32184000000.0,5449000000.0,29999239654.8516,High Risk
MMM,2015-03-31,10.51614522081467,0.4300622429781958,32184000000.0,5449000000.0,77340276076.03767,Low Risk
MMM,2015-06-30,7.04425151887879,1.9283006517810284,32184000000.0,5449000000.0,296943889425.93335,High Risk
MMM,2015-09-30,10.481697328910881,0.560183616216063,32184000000.0,5449000000.0,386772710315.0509,Moderate Risk
MMM,2015-12-31,9.933154180065522,0.19426312520084507,32184000000.0,5449000000.0,144809275531.2388,Low Risk
MMM,2016-03-31,4.807438205871814,0.06296166615978391,32184000000.0,5449000000.0,293250365971.3911,Low Risk
MMM,2016-06-30,3.4688380174898623,0.8092567065880527,32184000000.0,5449000000.0,433878475179.52106,Moderate Risk
MMM,2016-09-30,3.2024744435362362,0.4237727465537362,32184000000.0,5449000000.0,448266690477.26794,Low Risk
MMM,2016-12-31,12.366276508445909,0.19100919510125844,32184000000.0,5449000000.0,167858709271.6203,Low Risk
MMM,2017-03-31,19.04994557596507,3.927158494635839,32184000000.0,5449000000.0,250121370160.0549,High Risk
MMM,2017-06-30,15.29259914552539,0.6183310849197123,32184000000.0,5449000000.0,332940891605.04144,Moderate Risk
MMM,2017-09-30,9.075875660151919,0.7119925372492336,32184000000.0,5449000000.0,-4590091475.633057,Moderate Risk
MMM,2017-12-31,0.5452282391439829,1.4301637218895533,32184000000.0,5449000000.0,476770610563.3923,Moderate Risk
MMM,2018-03-31,25.095944349930157,0.019662638253985384,32184000000.0,5449000000.0,312491971629.34503,Low Risk
MMM,2018-06-30,17.05055893710988,0.21323290152318308,32184000000.0,5449000000.0,251092347103.68597,Low Risk
MMM,2018-09-30,0.06745220731794682,1.3455705416621968,32184000000.0,5449000000.0,338118863063.82837,Moderate Risk
MMM,2018-12-31,4.453566990043612,0.22955532093123013,32184000000.0,5449000000.0,80692610600.73009,Low Risk
MMM,2019-03-31,0.941249139058825,2.9929756957112015,32184000000.0,5449000000.0,284411653664.8755,High Risk
MMM,2019-06-30,2.5648467152249834,0.15182093381774772,32184000000.0,5449000000.0,271932972164.88318,Low Risk
MMM,2019-09-30,2.466769498002464,1.7777932711409346,32184000000.0,5449000000.0,209651872006.26688,High Risk
MMM,2019-12-31,12.604488210766569,2.354431809965301,32184000000.0,5449000000.0,53810269884.99197,High Risk
MMM,2020-03-31,201.93265661003946,1.49328270024738,32184000000.0,5449000000.0,338022507184.61395,Moderate Risk
MMM,2020-06-30,5.967447047312866,0.4612314229759097,32184000000.0,5449000000.0,258627673178.62573,Low Risk
MMM,2020-09-30,14.053452734392309,0.7357930617654763,32184000000.0,5449000000.0,193297538268.95175,Moderate Risk
MMM,2020-12-31,12.95548972258744,1.5720703589157228,32184000000.0,5449000000.0,42528732208.880486,High Risk
MMM,2021-03-31,9.39338573910841,0.13185759498720828,32184000000.0,5449000000.0,224716032342.0992,Low Risk
MMM,2021-06-30,19.776009597034747,1.1091364471852676,32184000000.0,5449000000.0,408849901236.1682,Moderate Risk
MMM,2021-09-30,19.769288371428903,3.408917746609147,32184000000.0,5449000000.0,65400978256.88243,High Risk
MMM,2021-12-31,15.969934161024446,0.21572294415083892,32184000000.0,5449000000.0,257134479095.15106,Low Risk
MMM,2022-03-31,19.501607379821465,1.1517687368850515,32184000000.0,5449000000.0,333634076089.956,Moderate Risk
MMM,2022-06-30,6.8788853029085875,0.9113411148502871,32184000000.0,5449000000.0,176336161706.46338,Moderate Risk
MMM,2022-09-30,11.825346966276113,4.351729151528402,32184000000.0,5449000000.0,199268221482.6503,High Risk
MMM,2022-12-31,2.366198821827803,0.2083663374678921,32184000000.0,5449000000.0,404888733852.1962,Low Risk
TRV,2012-03-31,15.167132267075715,1.6944741489093647,93818208354.51233,70530344264.39694,428421438064.24097,High Risk
TRV,2012-06-30,13.43128307933847,7.654065491864662,1977379896743.3794,99322494482.96793,142003491571.68115,High Risk
TRV,2012-09-30,2.1028649853826376,1.173583652498031,2246517870406.5366,89853654650.01488,380823131956.57306,Moderate Risk
TRV,2012-12-31,6.709012090217749,1.755960751575843,2626587048085.251,72223260202.82785,37498476782.83405,High Risk
TRV,2013-03-31,84.31295309460033,5.925027161832046,77938532222.79927,34885272247.92939,244494471963.26776,High Risk
TRV,2013-06-30,8.85200637724963,0.562270414515726,2712121738055.443,48559230470.327065,379946313566.51013,Moderate Risk
TRV,2013-09-30,48.989924829686814,0.5339293259713462,2470027004609.459,20109164305.924706,128360734339.0614,Moderate Risk
TRV,2013-12-31,5.742104045125275,2.8738991917276264,442160890741.10297,94469069034.84174,152271395820.09863,High Risk
TRV,2014-03-31,3.098724811977496,1.6769383446907817,2830018157508.692,52548100863.81227,327305119041.85474,High Risk
TRV,2014-06-30,27.04655824770352,1.0834419597521714,1497908006501.4507,25413732244.487724,163994791093.91852,Moderate Risk
TRV,2014-09-30,83.22404182060048,2.172321979715295,2775071878653.1064,38270738622.76653,18835765359.507267,High Risk
TRV,2014-12-31,9.91102477171411,0.618603722984558,2996019806026.275,33825971373.58059,141499646974.74863,Moderate Risk
TRV,2015-03-31,9.69806183840611,1.007285521125081,130014081075.88489,19456607660.122086,309275789643.4046,Moderate Risk
TRV,2015-06-30,10.399775394682703,0.6728033804932092,1714143876696.357,90464795314.00703,374785014999.0777,Moderate Risk
TRV,2015-09-30,0.23548458994603516,0.587099378831749,2688306476361.7637,38218792210.8798,444251915125.23486,Moderate Risk
TRV,2015-12-31,20.753775073986887,0.9075758463145728,2981054844621.136,48021800093.76801,214721097712.38544,Moderate Risk
TRV,2016-03-31,1.7084180211292828,0.7397246642650995,303400977361.743,98911530260.53563,208476013795.42712,Moderate Risk
TRV,2016-06-30,3.761555855155829,7.481124296123026,1348232450515.3591,60339133641.76814,286287967597.6257,High Risk
TRV,2016-09-30,119.86390075018777,6.769740631569573,187604559000.57922,36223512827.467,349109055926.2575,High Risk
TRV,2016-12-31,0.7840254965805925,1.4799452407089368,713810909011.5276,82826691485.79167,449842611312.7721,Moderate Risk
TRV,2017-03-31,1.0861435767927379,0.8750176417027787,1431520917146.7588,-484868047.6283639,350650429558.41516,Moderate Risk
TRV,2017-06-30,1.6053266086652864,2.7267102300728587,104674566585.30705,56234317260.17212,421919333775.0163,High Risk
TRV,2017-09-30,6.767748645646247,3.603601368810776,1271949940134.7803,87329010815.03345,200644068120.4223,High Risk
TRV,2017-12-31,72.65474393674982,0.4581828666671572,881801720512.6548,70193576826.59247,6118090236.519793,Low Risk
TRV,2018-03-31,6.100822582963137,4.147393024410839,1260177615772.0881,89610690833.27155,341167692552.11194,High Risk
TRV,2018-06-30,3.758423076035474,0.26163857459411877,2074932595392.1802,77556257169.28712,117417590915.88736,Low Risk
TRV,2018-09-30,1.9710123074286106,0.3514411760886394,1646577786437.7134,69740407026.20695,87813628218.30455,Low Risk
TRV,2018-12-31,6.9663371598862796,0.1933328890930054,1567160541868.441,53980277991.138954,454272093707.12427,Low Risk
TRV,2019-03-31,11.987769827502065,0.9081429793408763,1892194205974.5964,50971392023.18979,294974219682.5467,Moderate Risk
TRV,2019-06-30,1.7364614043969286,1.0185909737236545,1355303598522.8987,76633956659.06749,171687665705.87595,Moderate Risk
TRV,2019-09-30,8.393607039987316,1.4779657343799448,1681971395425.6335,80750679898.62456,293765897105.6729,Moderate Risk
TRV,2019-12-31,103.45316040246433,0.46378529376863886,475606837961.0395,43766563479.13826,141818708765.847,Low Risk
TRV,2020-03-31,6.655950047607113,6.987264574340223,1935047386872.382,4722553547.863552,438476377285.79364,High Risk
TRV,2020-06-30,6.920003672688286,143.63999121404137,1951511619563.7705,39320569523.96886,441920110547.0927,High Risk
TRV,2020-09-30,2.8634990622480814,0.3840017796792424,690219760911.4135,99673630059.5675,406315182447.91693,Low Risk
TRV,2020-12-31,9.564283234835324,0.7397177443132307,1228484641058.9844,43345336381.2263,250945321849.58597,Moderate Risk
TRV,2021-03-31,34.09334627137543,0.17287044539661395,2275850306470.235,83255531293.14423,274158255325.63306,Low Risk
TRV,2021-06-30,1.773274668756781,0.534211645783244,745779076903.3074,92984986547.60915,27126395846.323975,Moderate Risk
TRV,2021-09-30,2.109220724464307,0.33809741387292475,2755520250934.4946,24859666686.377106,27174166998.919285,Low Risk
TRV,2021-12-31,6.541718071009951,0.056379341384760834,489866612005.14966,437965641.008795,124005692728.43112,Low Risk
TRV,2022-03-31,7.264668319975653,0.9621074286134382,627766753758.967,12917711405.886309,457985867236.9736,Moderate Risk
TRV,2022-06-30,22.81778471680271,0.017369888061962466,1042366979742.5231,67549120727.12993,62143555575.15493,Low Risk
TRV,2022-09-30,8.062424031908865,0.3756383608220724,358266737567.0832,97375212701.72394,314265491873.4186,Low Risk
TRV,2022-12-31,9.014797176111133,0.6759513907322726,152407374075.63333,95308946064.84087,115680966766.15233,Moderate Risk
AXP,2012-03-31,10.707116248955392,0.22137871636619935,1016811023782.0627,2751541524.2492104,44478064534.02981,Low Risk
AXP,2012-06-30,11.3267040936048,4.181698558693235,281507856840.14795,54467899172.43058,102301722662.63477,High Risk
AXP,2012-09-30,1.9705875846256586,0.5075585631753202,590451699903.5934,62288712320.96448,266664111314.3146,Moderate Risk
AXP,2012-12-31,10.276068775515812,3.3244648300848123,89444363951.12093,15404617137.15586,398992176827.52576,High Risk
AXP,2013-03-31,18.944341736141048,1.5688648149282973,593580475235.7172,24066513874.48924,337292187023.67084,High Risk
AXP,2013-06-30,4.896818102359078,0.22261679050794117,1047875706496.3644,7822113698.963961,164551169555.9674,Low Risk
AXP,2013-09-30,9.149561164151372,1.1254254271669382,1056677039297.8481,76906706687.42085,412001840224.5396,Moderate Risk
AXP,2013-12-31,4.733708269197333,2.031517879337863,2907408277002.836,73688195035.63014,314203609380.9585,High Risk
AXP,2014-03-31,27.998047701557397,0.1110441134649231,1139613181754.7993,88696123122.58716,39532092248.54698,Low Risk
AXP,2014-06-30,347.05130814863924,1.0977335145907006,1320884837456.887,58050404474.12405,111690284950.71788,Moderate Risk
AXP,2014-09-30,16.21611420682807,0.4776851689371271,2931663783208.1445,76098113148.8134,184952824310.95947,Low Risk
AXP,2014-12-31,26.850252653278325,1.0103808510372105,187566227058.68463,95807271443.99687,331821556661.8843,Moderate Risk
AXP,2015-03-31,9.340503430713344,1.5969471917817597,2448853760867.8257,52996115382.60372,495403476548.16986,High Risk
AXP,2015-06-30,5.439525643364371,0.2410581101439069,341420878217.80835,44713453310.07493,478119220049.3566,Low Risk
AXP,2015-09-30,10.04137336674914,3.5064151800761962,669781970264.4343,56104003095.70471,68265571687.578705,High Risk
AXP,2015-12-31,1.733736500589354,0.7107125215261001,2340656891213.972,52785084647.63325,32758430756.470345,Moderate Risk
AXP,2016-03-31,4.787298815138681,0.29974189837821286,1156116786553.3982,41018839601.79346,375093663986.3217,Low Risk
AXP,2016-06-30,10.453610183498881,0.853505101773494,1394616068116.5046,48418449387.62284,297872919299.07556,Moderate Risk
AXP,2016-09-30,3.3760542739779957,1.3987042720926943,50827594297.552895,27424963175.49569,253380072178.146,Moderate Risk
AXP,2016-12-31,13.863887742505781,0.26610227176312745,2081980344807.8325,48335777380.789215,205565856450.73798,Low Risk
AXP,2017-03-31,6.6328913279665755,2.5488761931385664,1937648609602.9905,3771441997.01112,118119291728.62413,High Risk
AXP,2017-06-30,0.5222361769626106,1.2660971256638112,2995623709146.1206,49772612738.73255,223122086990.87286,Moderate Risk
AXP,2017-09-30,14.239898415011302,1.0634310511933511,2295824021696.357,10055667945.055452,402597015072.8126,Moderate Risk
AXP,2017-12-31,16.808246750008212,1.5025224958682888,2772685456640.573,20012091559.44225,20236774194.726482,High Risk
AXP,2018-03-31,5.837102925059899,0.41380240431497545,1114396286232.5933,74734196219.41919,73376252007.76886,Low Risk
AXP,2018-06-30,35.18178483419049,2.1647255091536626,628630229687.6475,61906365881.92278,326734237695.8612,High Risk
AXP,2018-09-30,12.088892799031642,0.4260940316734526,2975928210903.555,23744123291.24872,1887944349.78366,Low Risk
AXP,2018-12-31,7.642487214517071,2.168026325916915,1880812496510.0188,97582537020.41504,462149603790.5369,High Risk
AXP,2019-03-31,10.107493469781685,1.005963939722067,183003350253.18433,61884920821.37172,405231893405.37885,Moderate Risk
AXP,2019-06-30,13.786237159423013,1.3661074374007802,2807174658803.2466,11475764483.737083,384355979452.8992,Moderate Risk
AXP,2019-09-30,14.167263426453491,0.7219610562822575,173773867682.43835,14150999008.631601,340487272341.14374,Moderate Risk
AXP,2019-12-31,2.2407324507405333,2.0276496149458043,1588370044990.997,64644011308.29585,232808621279.7543,High Risk
AXP,2020-03-31,9.251170739490897,0.7673880991866578,759807285513.7643,5961413550.702925,483411795377.9249,Moderate Risk
AXP,2020-06-30,8.287077498544472,2.7028616560283725,1708228699846.6477,60857891387.84281,22924193609.78676,High Risk
AXP,2020-09-30,4.974229782868459,0.49672367350741675,2798863820569.5894,37196146617.18673,61801614544.29392,Low Risk
AXP,2020-12-31,15.01569964375889,0.23408381361297137,2558742227061.1074,85444925375.39384,240368286647.91147,Low Risk
AXP,2021-03-31,3.22911259214826,0.39255031374247557,12367061035.982319,27476701385.784172,213929690665.44263,Low Risk
AXP,2021-06-30,0.6298855817926573,1.0366401971890304,851027980376.0928,91459725957.84213,343626838114.4255,Moderate Risk
AXP,2021-09-30,9.963580467086109,0.905822006401521,2606073439621.1294,15939830085.6682,89685824232.3027,Moderate Risk
AXP,2021-12-31,6.513319177447849,1.0723112921685365,2978428630021.804,92206804433.68724,222750261460.22177,Moderate Risk
AXP,2022-03-31,7.774202924861474,2.1967323361165305,2841118712591.8228,38371424929.61334,330823711834.07855,High Risk
AXP,2022-06-30,23.10720962262307,0.7101607273520625,2041098542166.7124,39667463045.54679,321472210050.25446,Moderate Risk
AXP,2022-09-30,8.370973158679698,0.3499828645692437,1065120277894.4225,20734254398.062637,253454547029.57733,Low Risk
AXP,2022-12-31,3.487283812704266,2.096510127356031,1026491990927.3455,52799474227.498116,429442127943.21185,High Risk
WBA,2012-03-31,10.281788222095702,1.7984443351340131,2034656526815.5315,20131644630.001713,53761129641.315414,High Risk
WBA,2012-06-30,38.80488576394746,2.659822275757916,2152833495801.9082,40267872953.37211,395194132620.41205,High Risk
WBA,2012-09-30,4.502755722688821,0.4682416083747338,665563446680.9319,13985858356.018887,324986908694.9985,Low Risk
WBA,2012-12-31,10.557798936844366,0.9871460504108905,2555617090151.3154,27378014313.875717,122449458889.27296,Moderate Risk
WBA,2013-03-31,6.376501937713991,0.47246704579853105,2195001654482.9124,40919655516.457756,288234493949.29285,Low Risk
WBA,2013-06-30,27.14132133764951,0.23915215583848856,2579073177722.3447,26555808993.34086,311620499295.3032,Low Risk
WBA,2013-09-30,8.720689390144184,0.19705834675880152,419613033849.569,79401787479.59322,177367510463.1375,Low Risk
WBA,2013-12-31,8.111668858150948,10.31053255963585,1504696194273.7302,23896496331.265472,53861300512.70766,High Risk
WBA,2014-03-31,13.803041302229484,0.27211177334478664,1893664411161.3096,10556994473.270021,345274824169.1505,Low Risk
WBA,2014-06-30,4.638401488768424,1.2500986411515365,2961374286103.866,6865772569.273966,397756634211.8294,Moderate Risk
WBA,2014-09-30,1.3219269582827602,1.189854847241991,1476421810543.472,18847829661.60831,134061892240.56052,Moderate Risk
WBA,2014-12-31,6.044169647527859,2.859978433818136,520389703702.4996,56778111481.2172,466788248032.43964,High Risk
WBA,2015-03-31,4.851839828527478,0.28700080148013724,2061442719519.31,68201947806.40108,378413257517.0284,Low Risk
WBA,2015-06-30,7.84034440069663,53.19138324836045,1109827561019.5918,68892688418.41188,57187267301.687645,High Risk
WBA,2015-09-30,244.8860967916055,0.3044257261403932,75024098931.63553,25130439143.112743,102696121135.78363,Low Risk
WBA,2015-12-31,9.887439917624354,0.5270413586293412,396588964413.5642,23743939225.48113,70246290241.64816,Moderate Risk
WBA,2016-03-31,4.573878276976606,0.9944912168649852,1782486887820.6597,69239891143.06058,307723770880.9257,Moderate Risk
WBA,2016-06-30,11.789813171940274,3.309411792272294,2869006841718.349,44744506544.59862,266061716842.65784,High Risk
WBA,2016-09-30,15.85288718639706,1.4182095199950766,1452449905233.4683,35159268822.08552,196367435170.4849,Moderate Risk
WBA,2016-12-31,305.7283445833105,24.348518987691566,1759594010808.403,31402041112.004486,226297724863.31183,High Risk
WBA,2017-03-31,15.326791659058317,0.84498354625052,424909248811.4286,85180997019.31148,189774765744.3993,Moderate Risk
WBA,2017-06-30,17.50416413884811,0.3301874584832984,2586166884734.435,74744371053.56142,91544718582.38402,Low Risk
WBA,2017-09-30,111.86428668515508,0.8777416075405214,1292127938630.0825,49977269340.993774,37621548555.20936,Moderate Risk
WBA,2017-12-31,13.373950841267115,0.7351046548497507,2692080658394.5425,95648151403.4613,160765675025.44702,Moderate Risk
WBA,2018-03-31,1.3742859459991086,0.956992086014585,1746049920147.3044,13566712815.342468,418654809989.4422,Moderate Risk
WBA,2018-06-30,16.692448172500182,0.027544005385884897,2452437759433.175,43768881862.46542,130711241458.70657,Low Risk
WBA,2018-09-30,19.380616061658845,1.9963558159143375,192034569333.79962,73686613535.90784,364039579605.1073,High Risk
WBA,2018-12-31,125.8019612503647,2.6141257757334606,1779995343238.0093,19428856545.33179,237093560054.4851,High Risk
WBA,2019-03-31,7.625743882187402,0.8842191478021111,1645393434950.1265,5105849616.723152,31634864909.947205,Moderate Risk
WBA,2019-06-30,1.8979827433387404,0.013252107076587317,822466145906.1735,68187602866.35828,138557043490.74158,Low Risk
WBA,2019-09-30,1.772728168744384,2.458152946587656,2624448894775.004,60152404253.13071,33478577789.842957,High Risk
WBA,2019-12-31,30.597105801236943,1.297695003307098,231868784453.438,70572369518.61678,251043601777.7732,Moderate Risk
WBA,2020-03-31,9.655806400427416,0.8076431418697623,1486080125571.8455,95788557808.31691,228310148489.35782,Moderate Risk
WBA,2020-06-30,677.9105413920253,1.3762742789574836,2623012475986.323,1098654248.41843,470339735467.32855,Moderate Risk
WBA,2020-09-30,4.624670791338739,1.717521375100281,756883886606.4537,63597589896.44863,490320363828.68054,High Risk
WBA,2020-12-31,19.526754019046454,0.08378155460944654,1877627488437.8103,17968925717.17339,379212019999.9436,Low Risk
WBA,2021-03-31,80.35814609849815,1.178487623875966,1451080248167.9258,24441976172.562855,424035679701.1948,Moderate Risk
WBA,2021-06-30,12.15743965650759,0.03839717001201873,2995611448869.0513,14120914304.494205,12149604155.811287,Low Risk
WBA,2021-09-30,10.852524046783484,1.5262829921379186,2905727341304.768,30405489150.656296,434760791338.9884,High Risk
WBA,2021-12-31,9.728719403981335,0.6683205199484171,1488417344434.3904,17244506500.560493,415556421957.571,Moderate Risk
WBA,2022-03-31,2.412980218150479,1.4168257238697997,2878233131734.799,19080844806.129803,303389236445.9548,Moderate Risk
WBA,2022-06-30,8.087604725685063,0.41482976449205894,403030350437.62555,9910416633.55339,98793298197.17882,Low Risk
WBA,2022-09-30,9.478983284440016,2.2274563197255763,2372254328596.45,23023056142.553284,363810861942.1979,High Risk
WBA,2022-12-31,6.939846907779576,29.672357851838825,2244586907068.5283,43243433221.43846,196897460373.2137,High Risk
DOW,2012-03-31,0.027869924109903285,0.3766990121658927,1521856966785.3171,74332078464.2349,75657100865.45218,Low Risk
DOW,2012-06-30,2.0698783380587504,2.50813715960718,2918658663252.577,79214302200.47112,425303947017.565,High Risk
DOW,2012-09-30,11.761893026611528,0.6937606229600969,2193751341222.672,67600834432.3366,163937844501.22742,Moderate Risk
DOW,2012-12-31,23.144068703734366,0.9295341136515411,1759271380063.6467,28576732959.977104,237158148611.1383,Moderate Risk
DOW,2013-03-31,13.905014004524327,2.587812782164922,47851058171.60456,1876697483.881052,7740444263.794081,High Risk
DOW,2013-06-30,245.62612301439333,0.7493266502940399,358165767890.1142,54938242559.22003,267955611768.4145,Moderate Risk
DOW,2013-09-30,13.473789965350095,3.0115672422835242,2816780634695.3584,11873540551.697227,475997860213.54706,High Risk
DOW,2013-12-31,40.17038471821783,8.335513175476523,822507076813.266,50315072198.481064,68766152173.17273,High Risk
DOW,2014-03-31,6.285737867886167,1.6383992920906507,1202018047358.5479,35006043228.647385,471913969792.06506,High Risk
DOW,2014-06-30,6.57142480689041,1.5773429473975809,1910819772761.6619,31555463617.972145,271203866532.97955,High Risk
DOW,2014-09-30,17.608559448317315,19.88670337766324,538009488453.5186,17104333450.91774,470671851671.9956,High Risk
DOW,2014-12-31,9.975051428149804,1.830026872071873,794301854548.8739,16148089957.530476,261950625589.10324,High Risk
DOW,2015-03-31,12.15193068495287,1.0022596858266644,2217453412301.8633,75287036411.57726,339364192727.9322,Moderate Risk
DOW,2015-06-30,39.721225462825636,44.022166356551125,1256750774645.3755,71667685204.4126,244583430270.1774,High Risk
DOW,2015-09-30,50.78078102466055,8.211024637592702,1180458800473.0686,24220714883.849876,15084849204.643356,High Risk
DOW,2015-12-31,7.460146189070727,0.5705001076422277,1081808033148.155,45143061160.21772,356961324249.82733,Moderate Risk
DOW,2016-03-31,40.714324950991944,1.0682477150464842,1810043753845.609,23672717696.03523,283392353047.0958,Moderate Risk
DOW,2016-06-30,604.9647369200478,8.956960181395345,33631603695.61178,80297152421.52354,76806553226.74599,High Risk
DOW,2016-09-30,0.7767045649332553,1.3777467614495515,2832155726117.291,95072741831.81781,107153871720.54828,Moderate Risk
DOW,2016-12-31,36.81835183680633,0.7315231211865313,1734040405539.0405,68234230173.8781,471015789970.7557,Moderate Risk
DOW,2017-03-31,5.5564897114833505,0.5736066625206454,1772844688687.064,60591232543.748405,356717120519.8226,Moderate Risk
DOW,2017-06-30,11.345642524082825,0.9558821193500928,1231792502504.271,54263992595.96933,360700847222.2904,Moderate Risk
DOW,2017-09-30,9.701712547492306,2.8485666342608775,1444132898326.2695,54672047870.31643,446267178535.55334,High Risk
DOW,2017-12-31,20.73683008071955,0.9998654601759441,835037034243.5387,43838207448.26262,293350159082.3199,Moderate Risk
DOW,2018-03-31,3.8385866382180436,0.3763400716363299,1230595350617.2886,59044494869.49944,323823936130.20337,Low Risk
DOW,2018-06-30,25.936012772478314,1.3056094459773957,1650775982686.4114,15002078831.731113,234653014324.9371,Moderate Risk
DOW,2018-09-30,40.77694977998408,2.0156817779957725,985655639582.5779,21393248574.995113,404149090140.8122,High Risk
DOW,2018-12-31,120.75683301340993,1.7293302127064913,2182123413500.613,21465192829.472557,425115364713.5065,High Risk
DOW,2019-03-31,12.811829017728122,0.21683800135590822,2196869962640.5771,71584773199.64763,311426180284.3913,Low Risk
DOW,2019-06-30,3.391465259097138,0.414701571857184,160193197552.9141,13394135560.814888,407099756140.6116,Low Risk
DOW,2019-09-30,18.070280096467393,0.024461086237492383,1260867327540.459,10008970159.215853,179657304766.93896,Low Risk
DOW,2019-12-31,5.232979467033812,0.7632584881252269,1077168618184.9388,21497634606.284245,130695630945.38004,Moderate Risk
DOW,2020-03-31,55.033424659555976,11.792792602916315,1315788423361.793,51194732039.05401,471057574496.88513,High Risk
DOW,2020-06-30,20.36373431332003,2.2893599212641966,2677798514868.936,34091524978.528046,67820865751.97548,High Risk
DOW,2020-09-30,15.285214406581288,1.6693845121629787,857192314833.5901,79378567312.93706,371514406903.659,High Risk
DOW,2020-12-31,4.754678848135818,0.6003108761019978,1177581364761.317,12129647995.939184,470157253360.52423,Moderate Risk
DOW,2021-03-31,5.817994864075445,0.4188405740726192,346035081482.9988,32089191763.31149,170927944856.9222,Low Risk
DOW,2021-06-30,36.125809803021774,0.05171901048823789,676028700355.849,8082102824.074751,314823906734.84534,Low Risk
DOW,2021-09-30,1.506816151630749,8.477522282008083,60238637425.923546,99876506891.85909,196209825011.16254,High Risk
DOW,2021-12-31,11.768405679813776,5.478819864168066,553189617193.8987,65019014781.602516,170128121925.2832,High Risk
DOW,2022-03-31,56.14301156971748,0.5460022390453048,230973230307.1659,69730361045.90343,102973001822.02386,Moderate Risk
DOW,2022-06-30,3.403015402914429,0.2031785574438812,302563100960.2795,17381383939.92413,-1368591542.6865263,Low Risk
DOW,2022-09-30,12.236481520280085,1.2785336274057715,2292318637204.4834,36705256927.17781,212495763180.041,Moderate Risk
DOW,2022-12-31,22.47010264904238,2.4891808366928605,205502778979.9617,32348735351.48266,36898418520.28609,High Risk
CSCO,2012-03-31,8.329232806796231,2.384628571237078,1647001416457.0725,92616639541.90779,316182122318.68896,High Risk
CSCO,2012-06-30,0.6832479476264176,0.40379523833879044,2426909816095.209,81707265373.06209,215335749558.27344,Low Risk
CSCO,2012-09-30,13.580103061592961,1.157530028302447,141891199579.79245,17829826044.54374,214721685779.7089,Moderate Risk
CSCO,2012-12-31,7.572958441914088,0.9863103021448792,553748103333.1555,68424484417.32062,8599175391.435246,Moderate Risk
CSCO,2013-03-31,13.387483887459442,1.4926567251121396,413661542278.454,44011139196.77872,457740930562.2619,Moderate Risk
CSCO,2013-06-30,10.847460285335728,1.1467400340966896,2961662439835.771,76416276175.64441,168372914135.3475,Moderate Risk
CSCO,2013-09-30,8.175079669992241,0.449551699928076,835264542954.6792,29733250458.92897,165325684954.02814,Low Risk
CSCO,2013-12-31,2.0045714406625375,0.3072704565511311,1546993681225.159,27598878376.47563,351137428557.1418,Low Risk
CSCO,2014-03-31,63.735708632846915,12.99320499790913,2391641664962.053,39237444922.03851,479567650433.9434,High Risk
CSCO,2014-06-30,576.09255537036,0.36915584705337623,425500664791.78,85011100348.12935,285491632270.01764,Low Risk
CSCO,2014-09-30,54.55914677964844,1.509433355834095,1984447364966.3545,85809775305.54572,85827313628.4501,High Risk
CSCO,2014-12-31,7.374210528929225,2.391001950690918,1239918923781.1677,62023717899.87926,261222905958.39517,High Risk
CSCO,2015-03-31,1.3863363545882492,0.22021470631351361,2695630149223.381,9813134030.110071,224718663300.1739,Low Risk
CSCO,2015-06-30,600.7108507420211,5.589797563505823,1716323486913.2612,69268292724.6085,25233056886.682545,High Risk
CSCO,2015-09-30,19.119113060008228,1.084159760746106,339078731530.1579,54884163889.44238,485376052155.948,Moderate Risk
CSCO,2015-12-31,11.778778631301579,0.5747470231084354,1104386578909.9248,36907603335.424515,224297969712.6379,Moderate Risk
CSCO,2016-03-31,17.71458605843414,0.6588729819087945,1257532848872.559,58219413361.01406,154458848055.72983,Moderate Risk
CSCO,2016-06-30,56.86624484358815,6.815244159567187,2898255023364.3535,77133770480.4443,201488433456.817,High Risk
CSCO,2016-09-30,22.96938973415809,0.018992015281485843,2181869765949.172,29967086076.382236,293209649457.23224,Low Risk
CSCO,2016-12-31,87.20071038835361,0.7710053813731648,1990319685653.3333,3482219630.6817417,246314240966.29538,Moderate Risk
CSCO,2017-03-31,37.77661742449319,1.2589284169711716,2907440324298.9814,68686325191.78769,465733784319.05585,Moderate Risk
CSCO,2017-06-30,2.714948122120403,1.6390400500283202,1683329455575.8833,80563412862.25827,240686614530.44952,High Risk
CSCO,2017-09-30,9.704378798249772,0.7261420496697659,1701943516258.4644,49430861365.42029,266453090749.70563,Moderate Risk
CSCO,2017-12-31,11.935708756723486,0.34525036118896923,1859598673898.084,52107055817.916664,285165295494.78156,Low Risk
CSCO,2018-03-31,8.950942986315289,8.160664428121835,880904748106.2793,3212903061.0083413,143634110272.70822,High Risk
CSCO,2018-06-30,21.703491698057622,3.235407137011533,1062505673661.4717,59646005885.17221,186114831666.36115,High Risk
CSCO,2018-09-30,8.230018335182168,1.6544649746375675,1834595212812.7083,1722052653.662562,495422027927.5893,High Risk
CSCO,2018-12-31,4.049004868381632,3.352575699147038,1208802208278.3992,49965491728.425224,335687349216.4703,High Risk
CSCO,2019-03-31,47.465296117928084,2.3531649202437235,1964950797596.837,30931688133.54695,305471129193.83466,High Risk
CSCO,2019-06-30,4.798973925720277,1.4281218222942218,2935800621301.857,4225913578.728076,15610993349.82085,Moderate Risk
CSCO,2019-09-30,14.196239340173998,4.58178964386662,1412862110397.338,30602101685.38751,246302012713.52365,High Risk
CSCO,2019-12-31,4.127329662383814,1.3410571046993807,994629001548.435,3935085808.148574,429970033321.3134,Moderate Risk
CSCO,2020-03-31,11.528575749062158,0.7379400528171454,1832741310758.8594,60884783759.64953,207127581586.2343,Moderate Risk
CSCO,2020-06-30,46.158026836533246,1.782081858818552,2312872690263.6836,46583566043.00726,358638160659.95496,High Risk
CSCO,2020-09-30,55.8682306462461,0.09305250482744544,2547428506803.9326,97935606307.1773,286713785986.35016,Low Risk
CSCO,2020-12-31,12.067681128463379,1.7776938658020875,2731960832619.6743,4780127668.189108,316688329886.027,High Risk
CSCO,2021-03-31,6.282111631315068,1.3971370292163794,1323690956393.5303,5939721435.347986,390593328720.06006,Moderate Risk
CSCO,2021-06-30,4.582227302191209,3.3056989264090557,2269637455336.5566,34567900559.40306,155644021030.909,High Risk
CSCO,2021-09-30,13.874707229925775,0.11830637261127154,709736814011.4525,81806055755.69345,327858283794.6856,Low Risk
CSCO,2021-12-31,0.39595275128713336,0.8539189280868388,2132857882975.647,1345207846.008244,302885272091.20386,Moderate Risk
CSCO,2022-03-31,8.803657900816257,0.11668267344833765,2491149128717.5776,89090917301.91414,100740708379.75429,Low Risk
CSCO,2022-06-30,2.9676384041554322,3.2547361007724462,955264877659.9108,78250587589.97224,496934955708.9154,High Risk
CSCO,2022-09-30,9.56116499687612,0.47275842488966496,30025507656.039864,5050122435.995449,439597530210.2564,Low Risk
CSCO,2022-12-31,6.5052291490821865,2.5774092874541723,512169250377.7706,36256344037.98023,186298410586.1968,High Risk
NKE,2012-03-31,7.113294744719585,0.47435994728496184,44538000000.0,5727000000.0,24278689414.82702,Low Risk
NKE,2012-06-30,75.74836960845214,2.653534308285621,44538000000.0,5727000000.0,122114559695.41585,High Risk
NKE,2012-09-30,14.162609086634653,0.9251238119372855,44538000000.0,5727000000.0,371708521870.34296,Moderate Risk
NKE,2012-12-31,104.09268818414955,61.568118612383294,44538000000.0,5727000000.0,81980472639.38022,High Risk
NKE,2013-03-31,2.6376353391590213,0.19686238546783064,44538000000.0,5727000000.0,446262915304.24884,Low Risk
NKE,2013-06-30,14.271131165767791,65.85639732117669,44538000000.0,5727000000.0,247730782123.79822,High Risk
NKE,2013-09-30,14.315646975194841,3.9490297911009744,44538000000.0,5727000000.0,17675293412.36281,High Risk
NKE,2013-12-31,14.20169272666659,0.10556485565981123,44538000000.0,5727000000.0,85899119087.60255,Low Risk
NKE,2014-03-31,5.867605838361353,0.6534934139298447,44538000000.0,5727000000.0,185818904778.4793,Moderate Risk
NKE,2014-06-30,30.995719635499107,0.7078951896518014,44538000000.0,5727000000.0,74827774828.43704,Moderate Risk
NKE,2014-09-30,10.857647384340527,5.3327292721606305,44538000000.0,5727000000.0,18402404411.56596,High Risk
NKE,2014-12-31,10.62813414098045,0.3574484317302953,44538000000.0,5727000000.0,415476236853.8857,Low Risk
NKE,2015-03-31,3.7915310349596245,1.4777012972859758,44538000000.0,5727000000.0,456329985729.23834,Moderate Risk
NKE,2015-06-30,15.341661898987038,0.149077256863394,44538000000.0,5727000000.0,139545301676.31677,Low Risk
NKE,2015-09-30,22.49930585878109,4.088790165448502,44538000000.0,5727000000.0,48591283799.25185,High Risk
NKE,2015-12-31,12.174758444992545,1.0998408156295842,44538000000.0,5727000000.0,101445976113.57901,Moderate Risk
NKE,2016-03-31,24.056242569341812,0.1632775530813857,44538000000.0,5727000000.0,35101222413.00124,Low Risk
NKE,2016-06-30,26.03426506862556,0.8059269263126089,44538000000.0,5727000000.0,368451588884.1208,Moderate Risk
NKE,2016-09-30,100.46656576230647,0.606060953189747,44538000000.0,5727000000.0,259800364052.94064,Moderate Risk
NKE,2016-12-31,2.8569262395876356,0.13374048384464546,44538000000.0,5727000000.0,145047440045.92654,Low Risk
NKE,2017-03-31,144.57197126435625,61.605753089648864,44538000000.0,5727000000.0,464063361372.19836,High Risk
NKE,2017-06-30,5.6390857972694794,1.1746664349927138,44538000000.0,5727000000.0,256862132557.65073,Moderate Risk
NKE,2017-09-30,15.750544918141815,25.170749990890965,44538000000.0,5727000000.0,184995258597.87408,High Risk
NKE,2017-12-31,27.546257720871857,2.2290282605386045,44538000000.0,5727000000.0,228979322784.03098,High Risk
NKE,2018-03-31,55.68041754797173,11.552925702226878,44538000000.0,5727000000.0,365498287778.4306,High Risk
NKE,2018-06-30,11.483330832816286,0.2934385503272056,44538000000.0,5727000000.0,484424036250.24585,Low Risk
NKE,2018-09-30,1.5621471506685483,0.885236353407392,44538000000.0,5727000000.0,303387600840.28357,Moderate Risk
NKE,2018-12-31,2.5028790560687173,100.52167612807558,44538000000.0,5727000000.0,131180024541.12645,High Risk
NKE,2019-03-31,6.687289082613294,5.99580954640706,44538000000.0,5727000000.0,234773016814.91888,High Risk
NKE,2019-06-30,5.723753989404258,1.4636435470305051,44538000000.0,5727000000.0,42904371595.599945,Moderate Risk
NKE,2019-09-30,52.93961116377442,0.9414116240187916,44538000000.0,5727000000.0,434745571833.889,Moderate Risk
NKE,2019-12-31,2.2599220051819198,1.8482392834707597,44538000000.0,5727000000.0,227287451377.4311,High Risk
NKE,2020-03-31,11.835697756955621,0.23870567883775426,44538000000.0,5727000000.0,97514397532.94621,Low Risk
NKE,2020-06-30,7.581774662326832,0.4850991260540535,44538000000.0,5727000000.0,322351731047.0618,Low Risk
NKE,2020-09-30,20.185800963792804,15.004301606738508,44538000000.0,5727000000.0,275941552916.8072,High Risk
NKE,2020-12-31,4.431900766026816,0.11784521537114251,44538000000.0,5727000000.0,177217418528.70227,Low Risk
NKE,2021-03-31,14.099901138246906,0.4174696362711965,44538000000.0,5727000000.0,174498143858.32895,Low Risk
NKE,2021-06-30,9.423466646498056,0.05791616086508394,44538000000.0,5727000000.0,218309348518.56393,Low Risk
NKE,2021-09-30,1.2745556629878418,0.8499496160033627,44538000000.0,5727000000.0,140090356535.1843,Moderate Risk
NKE,2021-12-31,6.130628798950513,3.7725909858633777,44538000000.0,5727000000.0,490081836768.03217,High Risk
NKE,2022-03-31,7.048733543178764,0.37993327166429713,44538000000.0,5727000000.0,130671918670.13483,Low Risk
NKE,2022-06-30,11.480522151447044,11.63929644639586,44538000000.0,5727000000.0,140645887862.81546,High Risk
NKE,2022-09-30,0.44528705109596683,0.8884596715222313,44538000000.0,5727000000.0,188828920631.49655,Moderate Risk
NKE,2022-12-31,193.38972961090818,1.291445971088091,44538000000.0,5727000000.0,499207387061.9922,Moderate Risk
HD,2012-03-31,6.66542976195193,28.750327168928113,1210001093879.8774,86292547323.77173,202375273704.55838,High Risk
HD,2012-06-30,7.093237529913976,0.6605796590385835,1200055073542.298,86602270965.25401,162199869133.78046,Moderate Risk
HD,2012-09-30,16.995117796402372,4.013631522838834,278655334365.8191,65403217829.15334,180393933831.46576,High Risk
HD,2012-12-31,12.614452209712242,0.7648734395001883,2653049333561.2715,44571814501.040375,239196437324.4099,Moderate Risk
HD,2013-03-31,17.58525229473431,0.6731841754046015,1170681445593.1863,74131264192.82408,361915648251.1526,Moderate Risk
HD,2013-06-30,23.313470942027557,0.4597644675923997,381316079841.4835,65686088149.80919,97540866252.17195,Low Risk
HD,2013-09-30,1.2033978362240503,2.0690930460903396,69463768539.68842,14872888866.236454,112527036326.5479,High Risk
HD,2013-12-31,38.26564150186738,1.8578599474712378,990763739734.7328,69610963314.78603,467222864744.87024,High Risk
HD,2014-03-31,14.438887002523254,1.9269016664415899,2054715084944.4126,42929031969.68112,1314213037.3878431,High Risk
HD,2014-06-30,1.6881735141559093,1.651993288124261,351663658643.46436,14716876823.429308,382708233103.93945,High Risk
HD,2014-09-30,6.134868400174256,0.8870113358055529,1188380417328.6433,27544656541.424057,188587966564.52725,Moderate Risk
HD,2014-12-31,23.242552138811792,0.9174406487004139,1329529750085.2964,7205481152.740819,340564002493.7911,Moderate Risk
HD,2015-03-31,0.7376038664425434,0.5926530922295451,582075579715.7551,58502290124.74009,279420661557.2905,Moderate Risk
HD,2015-06-30,1.2814183240014065,1.921357846091277,672313858578.439,24782339981.552395,152992176367.62106,High Risk
HD,2015-09-30,82.62778668454142,1.1220928974404998,1336724002823.3015,10167765508.585104,391233648051.13196,Moderate Risk
HD,2015-12-31,15.918444490613133,0.7664552218248957,189702552014.05902,37056262166.06384,470320347060.17267,Moderate Risk
HD,2016-03-31,27.780558267645127,176.37153371193455,1886650294398.2695,15448250835.738997,305890231390.7229,High Risk
HD,2016-06-30,6.528446379383189,1.1741657633037783,442180940962.35266,96496962637.57997,495472292079.0418,Moderate Risk
HD,2016-09-30,14.683339940757977,4.581117288896954,787160485178.2781,91276922176.78882,215665387796.4174,High Risk
HD,2016-12-31,102.38135210528127,2.380954181694236,1000031665443.6924,25361481280.331413,236162374560.8429,High Risk
HD,2017-03-31,11.69013004362921,0.9082658939875548,2020729606528.0925,64223036304.22832,49297094388.60174,Moderate Risk
HD,2017-06-30,4.041822715492194,3.0822460485849987,2223337692360.7373,50116868281.068275,210185595604.61987,High Risk
HD,2017-09-30,4.043391625945845,6.532782932691122,1907115002603.8818,24302204401.844994,147747128435.38034,High Risk
HD,2017-12-31,16.257699309637868,25.960290979137113,342470103369.62885,47127092999.857124,479459630123.00916,High Risk
HD,2018-03-31,3.699657272988353,1.0016674938233807,645929673627.167,56451460804.720634,166983544822.511,Moderate Risk
HD,2018-06-30,0.5906591993039997,1.7722278131011011,124864892681.43112,78167200595.35837,-940858656.491529,High Risk
HD,2018-09-30,1.2045817513046329,0.0153176481091138,441630681716.46344,23250163202.073715,109771878918.12553,Low Risk
HD,2018-12-31,4.665838830925729,1.0211876380261449,1648123003898.7666,80141167935.49423,61223037931.697754,Moderate Risk
HD,2019-03-31,10.11044222497541,8.382342257567727,540671946048.589,16213485671.547169,238493435525.50742,High Risk
HD,2019-06-30,5.5678885711639685,1.1449787092552504,1145252534380.8328,85125962109.0907,27279768888.33244,Moderate Risk
HD,2019-09-30,12.22547989095291,5.393044171107585,279099601247.68335,33273000866.54366,185804333379.86005,High Risk
HD,2019-12-31,45.30480416309609,0.052649107041355496,1963206690073.7278,25975808461.98964,366285736011.10754,Low Risk
HD,2020-03-31,12.5424455173116,0.6921666200909358,2490493126034.961,64356894564.26118,203454686411.7473,Moderate Risk
HD,2020-06-30,29.946346323749705,1.013280752827931,1701621567503.5176,24093188587.13045,90064136490.76959,Moderate Risk
HD,2020-09-30,26.291364133309575,1.0703330565874558,1642260418272.1208,27708864068.423786,166945331655.352,Moderate Risk
HD,2020-12-31,22.865655013818394,2.2246198601292075,586781939151.3527,22420542021.78141,258375133176.50525,High Risk
HD,2021-03-31,1.5861081119861267,0.07631132821715114,996694988173.4729,53947649737.21542,339560377521.563,Low Risk
HD,2021-06-30,12.432104959356423,2.7195400532857374,1530348723598.277,95532375825.39903,11148779283.644033,High Risk
HD,2021-09-30,7.664298216040519,0.6887468552854271,252520371362.31992,32275482444.261986,84889820325.2884,Moderate Risk
HD,2021-12-31,36.54451117087734,0.7755825270822113,2889144160446.007,12768335717.84793,127450632852.73636,Moderate Risk
HD,2022-03-31,2.148361519908473,0.5269856567818817,357330483732.83,28676060879.545597,461932958830.76526,Moderate Risk
HD,2022-06-30,6.00755813387861,0.7911500505132405,634693008366.921,69792697957.0445,41954340659.09964,Moderate Risk
HD,2022-09-30,3.8422213388672373,0.29400905463012467,1803394108344.1562,1922120874.8979874,299074347788.9624,Low Risk
HD,2022-12-31,1.3146222473638822,0.13841064901797567,2091369751533.7139,65052602503.85329,366157363890.44696,Low Risk
